3367 5350
823 536 1020 619 ind-n

294 721 455 811 teruntur.
507 713 595 794 Idem
626 726 689 794 alia
718 730 789 794 loco
802 729 847 814 ¹):
879 733 946 794 Non
973 738 1019 791 est
1046 737 1146 791 autem
1176 727 1208 790 in
1238 719 1330 792 aerbo
1352 726 1458 792 modas
1480 721 1540 804 blo,

300 840 357 899 sed
378 839 410 897 in
440 839 590 910 oratione,
621 839 722 898 idest
744 839 776 896 in
802 837 1033 898 continuatione
1054 836 1224 895 uerborum.
1277 836 1323 895 lle
1344 837 1398 895 illa
1421 837 1542 910 quidem

300 942 454 1003 traductio
483 949 575 1016 atque
603 941 767 1001 immutatio
797 942 827 1000 in
860 941 951 1001 aerbo
982 942 1136 1014 quandam
1164 939 1402 1015 fabricationem
1434 940 1541 1000 babet:

295 1038 419 1121 ‘Africa
435 1045 567 1105 terribili
584 1046 685 1104 tremit
701 1045 831 1105 barrida
850 1050 937 1104 terra
954 1035 1107 1104 bcmultu’.
1126 1101 1129 1105 ,
1152 1043 1213 1102 Pro
1228 1035 1343 1118 ‘Afris'
1362 1050 1408 1102 est
1421 1050 1541 1117 sumpta

295 1140 448 1224 ‘Africa',·
482 1165 581 1222 neque
606 1150 726 1223 factum
755 1154 801 1207 est
828 1148 960 1218 uerbum,
991 1154 1042 1207 ut:
1077 1141 1182 1207 ‘Marc
1211 1148 1387 1224 saai'frapis
1416 1139 1543 1218 undis',·

299 1267 398 1325 neque
420 1253 612 1322 translatam,
635 1257 687 1310 ul:
715 1245 868 1311 ‘Mollitur
890 1245 1006 1322 mare',·
1029 1253 1087 1310 sed
1108 1252 1243 1310 ornandi
1262 1267 1360 1310 causa
1381 1252 1542 1325 proprium

294 1355 428 1428 proprio
460 1359 687 1428 commutabam
721 1348 860 1426 ‘llesina
885 1354 990 1426 Roma,
1019 1360 1086 1414 tuos
1114 1345 1228 1414 bostes'
1254 1360 1300 1414 ct:
1328 1347 1449 1413 ‘Testes
1471 1360 1543 1413 sunt

305 1456 409 1531 Campi
436 1450 553 1532 mapni'
658 1457 768 1517 Grauis
797 1464 842 1518 est
872 1461 978 1518 modus
1008 1457 1040 1516 in
1069 1463 1182 1517 ornatu
1212 1458 1361 1518 orationis
1390 1464 1420 1517 ct
1447 1474 1543 1531 saepe

298 1563 478 1632 sumendum
500 1578 540 1621 ea
563 1578 622 1635 qao
636 1578 752 1637 ponere
774 1563 852 1622 bace
866 1568 955 1622 sunt:
983 1555 1128 1622 ‘Martem
1150 1561 1221 1621 belli
1244 1577 1311 1621 esse
1331 1555 1541 1634 communcm',

295 1657 469 1724 ‘Cererem’
500 1681 561 1738 pro
578 1665 739 1741 fnanibus,
763 1657 934 1725 ‘liberum'
961 1667 1122 1739 appellare
1147 1682 1211 1739 pro
1233 1665 1313 1736 aino,
1336 1658 1539 1740 ‘Neptunum'

294 1784 357 1841 pro
379 1768 468 1839 mari,
493 1760 637 1828 ‘auriam’
658 1785 721 1842 pro
743 1775 863 1840 senatu,
889 1760 1055 1843 ‘campum'
1076 1785 1140 1844 pro
1162 1769 1299 1840 comitiis,
1324 1761 1452 1843 ‘tapam'
1478 1786 1541 1843 pro

293 1887 386 1944 pace,
415 1864 518 1931 ‘arma
548 1888 586 1932 ac
615 1863 688 1932 tela'
717 1889 780 1946 pro
803 1872 897 1946 bello;
929 1890 987 1946 quo
1013 1873 1083 1932 item
1112 1874 1144 1931 in
1166 1888 1283 1949 penore
1303 1878 1333 1931 et
1361 1873 1488 1932 uirtutes
1512 1879 1542 1932 et

299 1975 373 2034 uitia
389 1991 452 2048 pro
476 1975 562 2050 ipsis,
585 1976 616 2033 in
641 1975 750 2050 quibus
772 1976 826 2035 illa
849 1982 929 2047 sunl,
963 1977 1179 2051 appellantur:
1204 1969 1375 2035 ‘Luxuries
1398 1993 1487 2050 quam
1509 1976 1541 2034 in

300 2080 417 2137 domum
448 2072 589 2152 trapa,
619 2085 665 2139 et:
696 2073 779 2152 ‘Quo
813 2080 947 2139 auaritia
978 2070 1185 2154 penetrauit'3
1220 2086 1274 2138 aut
1297 2073 1407 2138 ‘Fides
1435 2081 1540 2151 ualuit,

299 2180 422 2242 Iustitia
440 2173 598 2256 consceit'.
638 2178 856 2256 Quintilianus
869 2178 913 2261 2);
937 2184 1000 2242 Nec
1015 2185 1132 2258 procul
1148 2182 1185 2242 ab
1204 2184 1261 2243 boc
1279 2199 1396 2258 uenere
1412 2184 1542 2243 discedit

301 2285 492 2366 metonymia,
525 2302 604 2360 quae
627 2292 673 2346 est
692 2288 821 2346 nominis
837 2304 901 2361 pro
928 2287 1047 2347 nomine
1064 2287 1177 2361 positio
1205 2282 1307 2366 [cuius
1328 2287 1373 2345 ais
1395 2293 1450 2358 est,
1478 2303 1541 2360 pro

300 2404 346 2456 eo,
370 2391 452 2462 quod
473 2391 597 2462 diadar,
628 2406 762 2462 causam,
790 2396 920 2464 propter
943 2407 1033 2464 quam
1056 2391 1179 2462 dieitur,
1197 2386 1332 2470 ponere]
1354 2392 1420 2461 secl,
1444 2396 1478 2450 ut
1498 2391 1543 2450 ait

305 2490 420 2564 Cicero,
443 2493 629 2568 oppallapen
651 2495 792 2553 ractores
817 2495 931 2553 dicunt.
983 2494 1068 2553 Hace
1089 2495 1229 2553 inventas
1254 2493 1291 2553 ab
1314 2493 1482 2565 inventore,
1512 2498 1542 2552 et

299 2594 452 2655 subiectas
467 2612 519 2655 res
539 2597 577 2657 ab
594 2597 797 2658 obtinentibus
812 2598 976 2675 sianificat
1000 2606 1033 2657 ut
1050 2590 1211 2656 ‘Cererem
1226 2601 1404 2669 corruptam
1421 2587 1540 2668 undis',

300 2705 331 2759 et
347 2694 505 2775 ‘receptus
531 2700 630 2761 Terra
652 2702 812 2777 Neptunus
835 2705 950 2763 classes
973 2701 1166 2776 aquilonibus
1189 2692 1299 2763 arcet'.

386 2816 450 2881 Sed
472 2816 553 2881 haec
576 2817 742 2883 hactenus.
773 2818 898 2884 Harum
922 2825 1030 2883 autem
1047 2824 1293 2901 ceterarumque
1317 2817 1540 2885 definitionum

300 2920 487 2985 diversitate
503 2921 625 2986 factum
641 2928 699 3001 est,
722 2928 884 2987 uteorum
900 2923 956 3005 qui
979 2929 1091 2987 nostra
1113 2923 1269 2987 memoria
1284 2922 1325 2987 de
1343 2907 1540 3006 metonymia

300 3026 514 3107 scripserunt,
545 3027 724 3091 sententiae
754 3026 885 3090 minime
920 3032 1100 3109 congruant
1129 3027 1322 3109 praesertim
1353 3026 1393 3090 de
1421 3025 1541 3090 finibus

299 3128 512 3211 terminisque
527 3129 583 3211 qui
603 3128 808 3194 intercedant
821 3131 907 3194 inter
923 3129 1156 3213 synecdochen,
1179 3130 1417 3213 metonymiam,
1440 3136 1540 3193 meta-

299 3232 444 3315 phoram.
491 3234 594 3311 Quam
616 3231 741 3298 obrem
759 3233 886 3316 copiam
902 3233 1132 3317 exemplorum,
1151 3254 1235 3316 quae
1251 3233 1339 3317 apud
1355 3232 1539 3298 Martialem

298 3336 514 3415 inveniuntur,
537 3336 601 3399 iam
624 3335 829 3420 desperarem
854 3336 897 3401 ad
919 3344 1026 3402 certas
1040 3337 1168 3402 'classes
1191 3359 1286 3420 posse
1302 3338 1456 3416 revocari,
1478 3337 1541 3401 nisi

300 3438 516 3521 Lindskogius
529 3438 556 3523 3)
594 3461 679 3522 quae
710 3442 795 3505 ratio
833 3441 1033 3506 instituenda
1063 3447 1149 3506 esset
1181 3462 1232 3505 me
1263 3441 1435 3507 docuisset.
1489 3440 1539 3504 Ab

300 3542 396 3607 huius
418 3543 517 3623 igitur
540 3543 696 3608 divisione
716 3544 748 3607 in
771 3544 833 3609 hoc
856 3544 1011 3627 opusculo
1035 3566 1086 3609 me
1109 3566 1173 3609 non
1201 3544 1336 3609 multum
1353 3544 1539 3608 discessisse

302 3646 423 3711 diserte
447 3646 561 3710 fateor.
605 3646 752 3730 Denique
783 3668 898 3713 moneo
920 3646 1042 3731 figuras
1070 3669 1153 3731 quae
1183 3669 1287 3731 aeque
1315 3648 1348 3711 in
1379 3646 1539 3712 Martialis

300 3749 503 3832 aliorumque
517 3758 689 3833 poetarum
709 3751 862 3834 operibus
885 3758 984 3834 atque
1006 3752 1040 3815 in
1055 3773 1154 3835 prosa
1170 3753 1316 3816 oratioue
1332 3752 1539 3835 reperiuntur

301 3875 449 3937 quaeque
473 3874 543 3917 eain
568 3854 609 3917 ob
633 3876 699 3918 rem
723 3856 828 3919 minus
852 3862 950 3939 aptae
966 3864 1042 3920 sunt
1064 3856 1106 3920 ad
1121 3855 1283 3920 Martialis
1307 3856 1409 3938 ipsius
1431 3854 1539 3918 elocu-

301 3958 420 4022 tionem
445 3957 671 4022 illustrandam
704 3979 754 4023 me
787 3958 990 4024 nihilosetius
1020 3961 1083 4025 hoo
1105 3959 1177 4024 loeo
1199 3980 1263 4024 non
1283 3958 1538 4043 praeteriturum

302 4081 381 4137 esse,
418 4082 489 4125 uum
516 4062 551 4124 in
583 4082 692 4125 rerum
723 4082 848 4127 conexu
877 4064 974 4127 etiam
1001 4064 1106 4127 miuus
1146 4064 1258 4141 gravia
1297 4084 1361 4126 uon
1389 4062 1457 4125 sine
1491 4062 1539 4123 in-

251 4198 253 4203 ·
301 4162 467 4227 commodo
491 4163 761 4230 desiderarentur.

387 4406 411 4470 1)
429 4403 473 4457 De
492 4410 601 4460 oratore
618 4405 670 4460 III
687 4409 729 4463 42.
786 4416 787 4419 ’

384 4490 411 4557 2)
429 4489 509 4545 VIII
524 4494 549 4561 6,
567 4494 609 4546 23.

386 4578 412 4644 3)
431 4575 467 4629 In
485 4582 581 4648 tropos
602 4580 767 4648 scriptorum
787 4579 952 4635 Latinorum
971 4580 1069 4633 studia.
1095 4579 1226 4649 Upsaliae
1248 4584 1322 4635 1903.
