3367 5350
791 550 1007 616 ..23-

278 719 429 786 ridentur
455 743 539 806 quae
568 721 649 805 legis
673 720 703 786 X
724 727 774 801 68,
800 727 855 786 11:
889 726 934 786 Tu
963 726 1035 786 11551
1060 727 1183 786 ediscas
1212 731 1303 786 totam
1334 728 1518 802 referasque

283 827 459 902 Corinthon,
481 825 501 889 i.
521 847 548 890 e.
570 826 713 909 linguam
737 825 896 891 Graecam
919 824 970 890 vel
992 825 1101 908 potius
1124 823 1282 909 quidquid
1298 826 1444 890 Corinthi
1467 833 1518 892 est

276 927 509 994 blanditiarum
533 935 565 994 et
585 929 787 995 facetiarum.

363 1033 474 1099 Pauca
489 1033 568 1098 mihi
583 1055 668 1099 nunc
684 1033 821 1098 dicenda
837 1039 913 1099 sunt
933 1033 973 1098 de
993 1053 1037 1098 ea
1055 1033 1179 1098 forma
1198 1054 1296 1116 quae
1316 1033 1516 1099 materiam

278 1121 465 1202 exhibet
483 1159 556 1222 pro
588 1158 632 1202 rc
655 1157 773 1202 exea
796 1135 1033 1202 fabricata.
1078 1137 1150 1216 Qua
1171 1137 1212 1202 dc
1234 1157 1270 1202 re
1296 1137 1330 1202 in
1357 1137 1516 1204 varietate

276 1261 316 1306 ac
344 1240 543 1306 dissensione
574 1245 649 1306 sunt
676 1241 824 1306 virorum
849 1239 1018 1305 doctorum
1051 1241 1232 1306 sententiae
1269 1243 1326 1320 ita,
1356 1246 1402 1321 ut,
1440 1249 1516 1307 utra

276 1344 447 1429 probanda
477 1345 528 1423 sit,
557 1344 645 1410 haud
674 1343 770 1410 facile
793 1343 998 1422 diiudicetur,
1031 1365 1103 1410 cum
1135 1345 1191 1409 alii
1221 1345 1264 1410 ad
1292 1346 1514 1430 synecdochen

276 1454 381 1513 totum
409 1447 472 1514 hoc
502 1469 602 1532 genus
630 1447 782 1527 referant,
814 1447 871 1513 alii
901 1448 944 1513 ad
973 1448 1201 1534 metonymiam
1213 1451 1247 1534 ¹).
1298 1451 1402 1528 Quam
1430 1450 1515 1514 diffi-

276 1551 430 1618 cultatem
460 1553 580 1638 0ptime
612 1552 744 1618 solvisse
775 1552 854 1617 mihi
884 1551 1012 1617 videtur
1043 1552 1222 1636 Lindslrog,
1265 1553 1321 1638 qui
1351 1552 1512 1619 delectum

275 1655 354 1721 fecit
380 1657 478 1721 huius
508 1655 632 1722 formae
661 1655 881 1742 exemplorum
912 1660 1011 1739 atque
1043 1657 1266 1740 synecdochae
1295 1656 1434 1723 subiecit
1465 1679 1513 1737 ea,

274 1760 308 1825 in
339 1759 457 1843 quibus
490 1761 627 1825 materia
658 1781 718 1844 pro
749 1781 784 1825 re
816 1780 857 1824 ax
886 1779 925 1824 ea
956 1759 1105 1825 confecta
1138 1761 1187 1825 ita
1213 1767 1438 1846 usurparetur,
1477 1767 1516 1826 ut

276 1861 515 1947 quodammodo
546 1870 604 1928 ant
628 1869 731 1930 totum
758 1883 819 1948 pro
841 1869 936 1947 parte
959 1869 1017 1928 aut
1036 1884 1137 1947 genus
1158 1885 1218 1949 pro
1241 1864 1351 1948 specie
1372 1865 1515 1950 positum

274 1965 418 2050 intellegi
448 1971 567 2052 posset.
613 1965 669 2032 Sin
700 1973 808 2032 autem
838 1987 900 2051 pro
929 1987 964 2031 re
993 1967 1026 2031 id
1055 1973 1196 2052 ponatur
1219 1988 1259 2032 ex
1282 1989 1347 2051 quo
1376 1970 1515 2034 materia

274 2070 323 2135 rei
347 2076 477 2155 sumpta
496 2071 548 2150 sit,
582 2077 626 2150 ut,
659 2070 764 2155 qualis
790 2070 930 2135 materia
952 2076 1050 2136 antea
1071 2070 1179 2151 fuerit,
1212 2070 1416 2156 respiciatur,
1448 2095 1513 2139 me·

274 2174 418 2260 tonymia
440 2194 564 2239 summo
590 2175 660 2240 iure
682 2173 837 2240 constit-ui
861 2174 890 2238 51
913 2174 1089 2258 videtum).
1134 2175 1205 2254 Quo
1227 2196 1267 2240 ex
1294 2196 1412 2259 genere
1439 2184 1514 2244 sunt

274 2277 372 2342 etiam
402 2277 558 2343 nonnulla
583 2277 732 2363 exempla
761 2277 803 2342 ad
833 2277 988 2342 animalia
1014 2278 1222 2363 pertinentia,
1262 2299 1334 2343 cum
1365 2282 1513 2363 materia,

275 2401 359 2464 quae
382 2381 486 2446 estin
509 2401 545 2446 re
571 2404 611 2446 ex
627 2401 666 2447 ea
685 2380 784 2460 iacta,
807 2380 849 2446 ab
874 2380 1079 2460 animalibus,
1102 2382 1187 2447 unde
1209 2383 1357 2463 sumitur,
1382 2390 1415 2448 et
1430 2406 1465 2449 re
1481 2392 1514 2452 et

274 2483 472 2568 cogitatione
495 2485 642 2550 seiuncta
664 2485 715 2550 sit.
749 2484 884 2550 Omissis
902 2484 1002 2568 igitur
1016 2484 1235 2551 locutionibus
1250 2507 1334 2569 qnae
1357 2487 1511 2555 ferrum

274 2607 333 2672 pro
357 2586 474 2670 gladio,
498 2610 642 2654 aurum
665 2587 716 2653 vel
739 2594 944 2671 argentum
966 2608 1027 2674 pro
1043 2589 1129 2654 vasis
1152 2590 1260 2655 aureis
1275 2590 1326 2655 vel
1341 2595 1513 2677 argenteis,

275 2712 434 2776 gemmam
458 2714 518 2777 pro
541 2693 639 2758 rebus
657 2715 675 2758 e
690 2714 818 2777 gemma
833 2692 930 2757 factis
944 2692 1060 2778 hisque
1076 2694 1196 2760 similes
1212 2695 1366 2761 exhibent
1380 2696 1512 2779 formaS,

274 2796 355 2860 haec
378 2795 527 2880 exempla
553 2797 631 2861 mihi
659 2795 811 2861 videntur
837 2796 900 2861 hoc
925 2796 999 2861 loco
1022 2788 1321 2865 commemoranda:
1350 2822 1427 2865 uva
1452 2824 1512 2887 pro

273 2899 347 2964 vino
369 2899 401 2964 Il
424 2905 474 2979 53,
498 2906 534 2981 4,
566 2900 610 2966 IV
631 2906 682 2980 44,
706 2904 741 2981 23
773 2899 878 2965 vitis
903 2920 965 2985 pro
988 2900 1061 2966 vino
1084 2900 1163 2966 Xlll
1186 2906 1257 2981 114,
1280 2902 1355 2987 2³);
1387 2906 1513 2970 taeda

274 3023 334 3086 pro
364 3003 436 3068 face
466 3003 705 3088 5155511193,
732 3008 789 3084 26,
820 3003 865 3068 IV
890 3008 939 3083 13,
962 3009 995 3085 2,
1018 3004 1062 3069 Vl
1086 3010 1114 3083 2,
1140 3010 1174 3086 13
1203 3004 1317 3071 lotos
1342 3029 1403 3091 pro
1429 3008 1513 3074 tibia

275 3105 351 3171 VIII
373 3111 423 3186 51,
449 3112 503 3187 14,
535 3106 762 3172 lentiscum
785 3128 845 3192 pro
869 3106 1082 3195 dentiscalpio
1106 3108 1148 3172 Vl
1172 3113 1222 3188 14,
1246 3114 1281 3191 3,
1304 3110 1378 3175 XIV
1402 3116 1452 3192 22,
1477 3118 1511 3195 1,

274 3208 396 3275 abies
412 3232 472 3295 pro
488 3211 583 3276 theca
599 3211 738 3295 abiegna
753 3211 829 3277 XIV
843 3216 895 3291 84,
911 3216 946 3293 2,
961 3232 1150 3297 papyrus
1165 3235 1225 3298 pro
1241 3213 1357 3279 charta
1372 3215 1418 3279 III
1434 3221 1462 3296 2,
1475 3224 1511 3298 4,

273 3313 350 3378 XllI
376 3320 402 3395 l,
424 3319 460 3397 3,
484 3336 649 3379 coccum
671 3336 732 3399 pro
757 3317 865 3381 colore
888 3316 1039 3381 coccineo
1061 3314 1107 3379 Ill
1131 3321 1159 3394 2,
1185 3322 1240 3398 11,
1263 3317 1293 3382 V
1316 3322 1367 3398 23,
1391 3326 1426 3401 5,
1451 3342 1511 3405 pro

273 3423 362 3483 veste
385 3419 537 3483 coccinea
559 3419 590 3483 X
607 3423 656 3497 76,
669 3424 705 3500 9,
731 3418 820 3484 ilex
843 3440 903 3504 pro
925 3419 1051 3504 pertica
1072 3417 1168 3483 111555
1182 3419 1259 3485 XIV
1274 3426 1325 3501 92,
1343 3427 1378 3505 1,
1400 3424 1512 3489 nardi

273 3520 418 3586 folium
441 3541 501 3607 pro
517 3527 681 3605 unguento
696 3522 834 3587 nardino
851 3522 925 3588 XIV
940 3527 1055 3602 146,1;
1078 3523 1251 3588 nardum
1273 3545 1333 3608 pro
1350 3526 1420 3590 oleo
1436 3548 1511 3591 nar-

272 3624 347 3689 dino
364 3613 395 3690 1'1
411 3632 461 3706 59,
478 3630 514 3708 3,
537 3625 693 3707 11165,s;
715 3626 759 3689 lV
778 3631 826 3706 13,
840 3631 878 3706 3,
902 3626 1047 3691 cedrus
1069 3646 1129 3711 pro
1142 3626 1213 3691 cleo
1229 3626 1359 3694 cedrino
1375 3630 1420 3695 lll
1437 3634 1510 3713 2,7,

273 3727 302 3793 V
324 3733 353 3809 6,
378 3734 433 3808 14,
459 3729 534 3794 VIII
549 3734 599 3808 61,
615 3735 650 3810 4,
673 3728 812 3795 buxus
834 3751 894 3815 pro
915 3729 1043 3813 pectine
1065 3729 1140 3793 XlV
1156 3734 1207 3810 25,
1223 3735 1252 3797 2.
1286 3731 1399 3815 Neque
1415 3734 1511 3799 aliter

274 3831 338 3896 dici
359 3832 509 3898 videntur
531 3830 626 3898 talia:
650 3854 835 3917 quercus
857 3837 925 3917 pro'
940 3853 1060 3897 corona
1082 3852 1225 3914 qucrnea
1240 3836 1284 3899 lV
1302 3841 1329 3915 1,
1347 3842 1383 3917 6,
1407 3844 1511 3920 54,1;

271 3934 346 4000 Vlll
369 3940 419 4015 82,
438 3941 473 4017 7,
497 3937 543 4001 IX
560 3941 609 4017 23,
627 3944 664 4017 5,
687 3936 798 4001 oliva
819 3958 879 4021 pro
902 3958 1023 4001 corona
1045 3936 1194 4019 oleagina
1215 3938 1262 4002 lX
1278 3944 1329 4018 23,
1346 3948 1381 4021 5,
1405 3945 1455 4020 35,
1471 3948 1506 4023 9,

273 4037 391 4121 quibus
407 4038 519 4104 formis
535 4040 740 4105 audaciorem
756 4039 860 4105 habes
875 4040 949 4104 XIV
965 4046 1016 4119 89,
1033 4046 1068 4105 1:
1085 4045 1198 4121 Accipe
1214 4048 1336 4122 felices,
1356 4050 1510 4110 Atlantico

272 4163 411 4219 monera,
440 4148 544 4221 siloas,
575 4146 594 4209 i.
619 4164 645 4209 e.
671 4164 814 4209 mensam
836 4144 980 4208 citream.
1024 4144 1098 4208 Huc
1119 4145 1217 4210 etiam
1240 4148 1385 4229 pertinet
1407 4152 1509 4213 meto-

273 4320 477 4327 ffl—

358 4420 384 4487 1)
403 4418 446 4473 of.
463 4418 608 4491 Lindskog
626 4438 653 4489 p.
671 4422 714 4489 23,
731 4422 756 4473 2.

357 4505 385 4573 2)
403 4524 451 4574 pp.
468 4507 510 4573 20,
528 4507 571 4574 23,
590 4508 632 4574 39,
649 4508 691 4559 40.

358 4592 385 4659 3)
404 4589 521 4660 Proprie
539 4596 630 4646 exstat
647 4593 739 4646 vitis
757 4596 890 4661 usurpata
907 4591 985 4646 VIII
1007 4594 1048 4660 51,
1070 4595 1108 4661 12,
1134 4612 1189 4647 non
1206 4613 1258 4664 pro
1275 4597 1348 4664 vino,
1374 4614 1424 4665 pro
1452 4615 1508 4665 quo

272 4674 469 4746 compositam
488 4678 571 4736 docet
590 4676 713 4753 Georges
732 4678 761 4733 in
779 4678 880 4733 lexico.
