3367 5350
264 1574 338 1678 De
368 1610 564 1694 metonymia
596 1631 693 1693 quam
728 1607 898 1694 multiplex
930 1611 1085 1694 variaque
1102 1611 1204 1696 -apnd
1236 1609 1419 1677 Martialem

174 1697 362 1780 inveniatur
389 1713 631 1796 investigaturia
654 1713 747 1778 nobis
774 1714 965 1796 priusquam
989 1714 1031 1778 ad
1061 1714 1183 1780 formas
1212 1716 1419 1799 exponendas

181 1818 401 1902 exemplisque
424 1816 635 1881 illustrandas
666 1823 871 1882 transeamus
902 1829 986 1900 quae
1007 1808 1129 1883 fuerint
1151 1825 1295 1885 veterum
1318 1825 1420 1884 meto·

181 1923 308 2007 nymiae
332 1920 534 1986 definitiones
557 1920 798 2004 explanandum
822 1927 880 1985 est.
933 1923 1024 2000 Quae
1049 1943 1120 1987 cum
1144 1924 1208 1987 iam
1232 1923 1421 2006 saepissime

181 2025 222 2090 ab
245 2027 284 2090 iis
307 2024 425 2108 quide
450 2024 646 2108 metonymia
667 2031 853 2097 tractarunt
873 2024 1029 2090 collectae
1052 2027 1125 2103 sint,
1155 2047 1195 2091 ne
1217 2047 1307 2091 mera
1331 2047 1421 2109 repe-

180 2129 294 2193 titione
318 2129 412 2192 nimis
435 2127 522 2210 longi
550 2127 727 2206 videamur,
758 2129 936 2192 sententias
967 2140 1137 2193 auctorum
1167 2131 1222 2213 qui
1251 2135 1327 2194 sunt
1348 2149 1421 2212 gra-

180 2233 302 2298 vissimi
322 2231 497 2316 protulisse
521 2233 600 2295 setis
622 2231 822 2296 habebimus.

270 2339 391 2401 Auctor
421 2334 462 2398 ad
492 2334 688 2399 Herennium
705 2337 750 2419 ¹):
791 2340 1013 2413 Denominatio,
1041 2337 1160 2419 inquit,
1192 2349 1246 2414 est,
1275 2359 1358 2417 auae
1383 2342 1420 2402 ab

179 2444 272 2504 rebus
300 2444 484 2518 propinquis
514 2450 543 2502 et
568 2444 705 2516 lininmis
733 2445 833 2527 trabit
862 2445 1038 2516 orationem,
1070 2462 1131 2519 qua
1154 2447 1258 2519 possit
1285 2447 1422 2520 inteilepi

179 2565 241 2620 res,
272 2563 351 2622 quae
382 2564 442 2606 nen
472 2563 527 2606 suo
556 2547 701 2607 uocabulo
723 2548 764 2606 sit
793 2550 959 2622 appellata.
1005 2547 1046 2608 Id
1067 2554 1122 2608 aut
1144 2545 1210 2629 (ab)
1233 2545 1420 2628 inuentor(e)

181 2653 341 2725 conficitur
365 2697 393 2712 ..
411 2697 442 2711 ..
467 2657 522 2711 aut
544 2650 581 2712 ab
604 2651 742 2724 invento,
773 2658 807 2712 ut
835 2653 864 2711 si
894 2653 962 2727 quis
985 2634 1181 2727 prolibare
1213 2654 1329 2723 uinum,
1358 2668 1421 2726 pro

183 2756 296 2817 Cerere
313 2758 440 2833 fruaem
463 2758 606 2830 appellet,
630 2763 684 2816 aut
706 2757 909 2819 instrumenta
930 2758 1081 2817 dominum
1193 2762 1248 2817 aut
1270 2757 1312 2830 id,
1340 2758 1423 2829 quod

177 2864 222 2933 sit,
254 2860 292 2920 ab
323 2876 368 2931 eo,
405 2861 458 2933 qui
481 2860 566 2935 facit
594 2892 636 2902 -
669 2866 723 2919 aut
749 2860 786 2932 si,
821 2863 905 2934 quod
926 2861 1019 2935 facit,
1052 2860 1091 2920 ab
1114 2877 1158 2932 eo,
1192 2863 1274 2935 quoa
1290 2863 1327 2932 fit

181 2964 222 3024 Ab
247 2980 292 3035 eo,
315 2965 397 3037 quoa
416 2963 559 3034 eontinet,
592 2965 634 3035 id,
661 2966 744 3038 quoa
765 2965 939 3023 continetur
1038 2964 1284 3024 denominabitur
1382 2962 1420 3022 ab

74 3070 77 3076 “
183 3083 226 3139 eo,
265 3068 349 3141 quod
378 3068 560 3139 continetur,
589 3064 649 3145 (id,
680 3069 762 3141 quod
790 3064 941 3145 continet)
1062 3066 1168 3145 Atque
1204 3062 1358 3147 Tryphon
1374 3062 1421 3142 2);

180 3169 388 3250 Μετωννμία
411 3166 480 3233 ἐστὶ
503 3168 585 3246 λέξις
608 3162 672 3233 ὑπὸ
695 3175 757 3233 τοῦ
780 3164 962 3251 ὁμωνύμου
982 3164 1021 3233 τὸ
1040 3165 1245 3252 συνώνυμον
1262 3170 1421 3251 δηλοῦσα,

168 3264 255 3337 ὀἷον
282 3270 451 3356 στιλοίγχνα
481 3266 508 3337 δ’
535 3266 582 3354 ἄρ’
609 3265 827 3356 ἀμπείραντες
856 3267 1033 3355 ὑπείρεχον
1055 3268 1271 3353 Ἡφαίστοιο·
1301 3266 1421 3353 Ἥφαι-

180 3390 257 3453 στος
292 3371 355 3459 γὰρ
395 3371 413 3440 ὁ
452 3364 562 3458 εὑρὼν
597 3372 635 3440 τὸ
669 3382 755 3457 πῦρ·
791 3374 846 3439 καὶ
885 3371 967 3441 ὅταν
1004 3371 1065 3440 τὸν
1099 3372 1210 3456 πυρὸν
1238 3371 1422 3458 Δήμητραν

182 3480 335 3561 εἴπαμεν.
370 3474 391 3562 ἢ
418 3472 483 3544 ἀπὸ
505 3483 574 3544 τῶν
596 3474 768 3561 εὑρόντων
790 3474 830 3544 τὰ
858 3474 1037 3562 εὑρήματα,
1067 3474 1148 3543 ἀλλὰ
1177 3478 1232 3543 καὶ
1263 3472 1330 3544 ἀπὸ
1361 3484 1423 3543 τοῦ

181 3577 365 3665 εὑρήματος
395 3577 455 3647 τὸν
488 3578 645 3664 εὑρόντα,
684 3576 757 3647 οἷον
796 3578 887 3659 οἶνός
924 3578 952 3666 μ’
977 3580 1094 3661 ἔπεισε,
1126 3584 1296 3665 δαιμόνων
1323 3577 1422 3663 ὑπὲρ·

181 3708 287 3762 τατος.
333 3682 445 3748 Cicero
455 3682 498 3764 ³):
529 3690 684 3749 immutata
708 3687 759 3769 (ea
783 3684 875 3766 dico),
908 3689 940 3747 in
963 3688 1073 3762 quibus
1094 3704 1158 3762 pro
1180 3688 1271 3747 aerbo
1289 3688 1422 3761 proprio

179 3790 330 3850 subicitur
346 3792 442 3863 aliud,
466 3793 548 3866 quoa
563 3793 642 3852 idem
658 3792 810 3868 siqnilieet
822 3801 972 3866 sunrptum
989 3809 1029 3852 ex
1043 3808 1079 3851 re
1095 3793 1201 3865 aliqua
1216 3790 1421 3864 consequenti.

184 3888 274 3965 Quod
297 3910 477 3969 quamquam
501 3897 720 3971 transferendo
744 3899 789 3967 fit,
820 3901 920 3955 tamen
950 3896 1011 3955 alio
1040 3897 1128 3955 modo
1157 3894 1323 3964 transtulit,
1356 3908 1422 3951 oum

182 3997 264 4056 dixit
279 3984 415 4059 Ennius:
439 3991 530 4058 ‘arce
552 4005 581 4058 et
602 3998 679 4058 urbe
701 3998 777 4058 orba
796 3990 874 4071 sum'
899 4015 959 4072 pro
973 4000 1094 4072 patria,
1117 3998 1178 4058 alio
1193 3998 1290 4068 modo,
1308 3990 1422 4055 ‘berri-
1496 4065 1498 4067 ,

182 4102 252 4160 dam
272 4102 412 4176 Africam
434 4102 567 4162 terribili
589 4108 720 4161 tremere
742 4095 883 4161 tumuitu'
910 4118 977 4161 eum
1000 4102 1083 4173 dicit,
1101 4118 1163 4175 μνο
1179 4102 1266 4176 Afris
1288 4101 1424 4158 immutat

181 4204 328 4279 Africam.
374 4204 463 4265 Hanc
485 4198 681 4286 ὑπαίλαγήν
703 4206 853 4278 rhetores,
878 4206 951 4279 quia
974 4206 1063 4278 quasi
1085 4210 1308 4264 summutantur
1330 4202 1423 4262 uerba

147 4310 150 4318 '
176 4324 240 4381 pro
274 4308 391 4380 verbio,
425 4308 638 4390 μετωνυμίαν
665 4309 858 4383 ριοιανιαίίοί
890 4313 1013 4379 uocant,
1053 4310 1136 4382 quod
1166 4308 1288 4367 nomina
1322 4312 1423 4365 trans-

184 4443 389 4453 -—-—.-

270 4511 295 4577 1)
314 4508 359 4563 IV
377 4512 418 4578 32,
436 4512 478 4564 43.

269 4598 296 4663 2)
316 4596 445 4666 Spengel,
463 4596 546 4651 Rhet.
566 4597 666 4652 Graeci
685 4595 734 4651 ΙΙΙ
754 4616 781 4667 p.
797 4599 853 4651 195,

269 4685 296 4751 a
316 4684 423 4737 oraru.
443 4687 483 4737 ιι.
515 4684 517 4688 ·

598 4827 867 4956 851328
950 4953 956 4965 p

1183 4784 1255 4837 ν.
