3367 5350
778 519 997 588 2-1'0-

269 698 421 776 receptae
445 693 524 759 satis
544 693 629 758 bana
652 694 704 772 sit,
725 693 764 758 de
788 693 959 760 Koestlinii
991 694 1178 759 coniectura
1208 694 1288 760 nihil
1314 693 1434 758 attinet
1454 715 1506 757 ac·

268 797 413 862 curatius
429 797 606 882 disputare.
643 799 790 882 Denique
812 799 877 864 hnc
897 805 1047 883 spectare
1062 799 1214 866 videntur
1233 800 1331 865 talia:
1353 799 1384 864 ll
1404 804 1432 881 6,
1451 804 1508 864 16;

268 905 487 982 Interiungere
517 899 714 981 quaerisne
748 906 913 980 Camenas,
945 903 966 966 i.
990 923 1017 967 e.
1051 904 1095 967 ad
1125 903 1232 969 lucum
1263 909 1322 969 aut
1351 902 1507 987 templum

268 1003 501 1086 Camenarnm3
525 1006 552 1068 V
578 1012 604 1084 1,
621 1011 655 1071 2:
681 1018 710 1071 et
729 1012 802 1072 ltine
820 1011 953 1072 Triniaar
970 1014 1139 1088 prospieis,
1162 1008 1183 1072 i.
1198 1030 1225 1072 e.
1239 1007 1347 1074 lacum
1363 1007 1507 1089 Triviae;

268 1108 298 1172 X
322 1112 373 1186 30,
397 1115 415 1174 9
441 1108 498 1174 ubi
520 1109 681 1176 Marica
703 1116 812 1176 exstat
831 1132 892 1194 pra
915 1110 988 1176 luco
1010 1110 1163 1177 Maricae.

355 1212 470 1277 Restat
490 1218 527 1277 ut
547 1213 702 1279 nonnulla
725 1235 973 1280 commemorem
996 1215 1153 1300 exempla,
1186 1237 1280 1299 qnae,
1310 1237 1508 1300 quamquam

268 1321 419 1399 spectant
440 1315 482 1381 ad
499 1321 602 1382 totam
619 1339 715 1400 quam
733 1317 841 1382 adhue
856 1318 981 1384 absolvi
1000 1320 1214 1405 metonymice
1229 1319 1377 1400 formam,
1398 1326 1508 1386 tamen

269 1418 399 1486 difficile
416 1421 522 1486 estad
539 1427 647 1486 certas
671 1421 792 1490 classes
813 1443 976 1487 revocare.
1022 1427 1069 1488 Ac
1089 1425 1229 1508 primum
1252 1423 1382 1506 quidem
1406 1423 1508 1490 affero

269 1523 297 1588 V
322 1529 370 1601 12,
394 1531 495 1608 5qu
526 1529 588 1590 Res
618 1547 679 1591 nan
706 1531 842 1607 dificilis
878 1533 951 1592 mini
979 1533 1111 1604 ridetur,
1146 1532 1209 1592 Uno
1238 1549 1306 1592 enm
1336 1533 1432 1609 stipite
1462 1535 1511 1594 ael

269 1632 326 1692 nae
348 1635 396 1692 nel
418 1634 468 1694 illo
492 1634 598 1694 Portet
619 1634 715 1695 Stella
736 1651 820 1695 meas
841 1637 944 1696 decem
960 1637 1094 1710 puellm.
1130 1632 1200 1710 Qun
1223 1630 1263 1696 de
1278 1632 1351 1696 loco
1365 1630 1508 1696 nendum

269 1731 348 1795 satis
372 1737 500 1796 constat
522 1733 608 1797 inter
629 1733 716 1798 viros
738 1733 867 1815 doctae3
896 1734 1110 1818 plurimorum
1142 1735 1176 1799 in
1205 1757 1303 1800 unum
1327 1743 1510 1818 congruunt

270 1835 449 1900 sententiae
470 1856 583 1900 novem
608 1835 719 1902 Musas
748 1837 984 1920 intellegendae
1007 1859 1087 1916 esse,
1117 1838 1175 1904 sed
1204 1839 1331 1904 decima
1352 1859 1437 1922 quae
1467 1841 1511 1904 sit

267 1936 377 2021 puella
399 1938 602 2005 dissentiunt
638 1940 784 2025 Kingius
800 1943 824 2026 1)
848 1941 1036 2019 Minervam,
1066 1939 1337 2008 Friedlacnderus
1367 1950 1509 2008 amatam

269 2040 389 2107 Stellae
411 2048 507 2126 putat
530 2043 714 2127 significari.
770 2046 860 2124 Quae
883 2066 936 2110 res
957 2045 1011 2109 hic
1033 2046 1126 2130 parvi
1145 2047 1300 2111 momenti
1322 2051 1381 2125 est,
1411 2068 1509 2131 quam

268 2145 309 2208 cb
333 2166 401 2211 rem
424 2146 499 2212 nola
524 2149 710 2214 accuratius
732 2149 765 2213 in
784 2169 855 2214 eam
872 2149 1046 2233 inquirere.
1090 2149 1162 2214 Hac
1177 2150 1316 2235 primum
1331 2157 1380 2215 est
1397 2151 1509 2216 decem

267 2247 394 2331 puellas
416 2252 500 2316 sumi
521 2273 582 2336 pro
604 2253 809 2335 imaginibus,
841 2273 923 2336 quas
944 2253 1118 2318 verisimile
1147 2259 1198 2318 est
1226 2252 1260 2317 in
1289 2253 1387 2319 anulo
1410 2253 1510 2319 luisse

269 2372 441 2436 expresses
464 2354 575 2420 decem
599 2357 733 2439 gemmis
756 2362 881 2421 ornato.
930 2355 1050 2422 Similis
1073 2356 1180 2440 figura
1202 2361 1311 2422 exstat
1331 2355 1377 2422 IV
1400 2363 1450 2436 23,
1474 2365 1509 2423 5:

269 2460 310 2518 Et
331 2466 450 2522 centurn
472 2465 608 2525 derainer
637 2481 734 2526 nacae
763 2470 911 2532 monetae,
941 2458 962 2524 i.
993 2480 1019 2524 e.
1055 2466 1183 2526 centum
1214 2479 1331 2526 aureas
1363 2482 1510 2527 nummos

268 2559 445 2626 Domitiani
468 2562 575 2646 effigie
596 2564 747 2647 insignes.
800 2562 977 2629 Praeterea
1007 2585 1091 2648 qnae
1124 2565 1187 2629 hac
1215 2565 1286 2628 loco
1318 2585 1510 2630 commemo-

268 2669 382 2729 rentur
405 2665 503 2751 digna
525 2663 606 2732 mihi
625 2667 777 2733 videntur
797 2666 897 2741 haec:
929 2668 945 2733 Ι
970 2674 1041 2746 117,
1066 2676 1105 2735 10
1127 2691 1191 2753 sq.:
1225 2671 1339 2734 Contra
1366 2672 1509 2734 (laeseris

269 2779 315 2832 est
330 2776 437 2849 faram
459 2776 590 2836 taberna
612 2775 745 2853 Scriptis
761 2776 903 2852 partibas
918 2778 991 2838 ltine
1012 2784 1042 2838 et
1062 2779 1136 2837 inde
1158 2779 1238 2849 tatis,
1264 2777 1374 2837 Omnes
1395 2783 1429 2837 at
1450 2780 1510 2838 cito

263 2878 413 2953 perlegas
430 2885 561 2953 paetas;
596 2876 615 2939 i.
638 2897 664 2941 e.
688 2880 725 2941 ut
748 2875 813 2939 cito
835 2875 986 2959 perlegas
1015 2877 1156 2941 omnium
1186 2881 1357 2960 poetarum
1380 2878 1510 2941 nomina

267 2976 319 3040 vel
341 2976 453 3042 titulos
483 2979 687 3062 scriptorum.
732 2979 777 3044 VI
800 2984 851 3059 58,
876 2984 911 3045 6:
940 2986 1038 3059 Algae
1071 2991 1141 3045 erat
1167 2986 1200 3044 in
1228 2985 1331 3061 peliae
1355 2985 1510 3059 plarirnnr

269 3100 323 3145 are
346 3084 480 3162 Panem,
497 3082 532 3145 i.
557 3102 583 3147 e.
607 3103 724 3162 nomen
746 3083 918 3165 Pudentis;
952 3082 980 3144 V
1004 3090 1060 3149 54:
1089 3089 1318 3163 Extemporalis
1335 3092 1443 3164 factas
1465 3095 1511 3147 est

267 3206 352 3249 rneas
374 3191 498 3251 rlretar:
532 3190 734 3265 Calpurniam
757 3208 818 3251 noa
840 3192 976 3267 scripsit,
1008 3199 1038 3251 et
1057 3193 1203 3253 salutanit
1234 3208 1295 3271 pre
1329 3186 1510 3271 ‘Calpurnii

269 3308 386 3353 nomen
415 3309 479 3354 nan
514 3286 669 3374 scripsit'.
714 3290 729 3354 l
763 3296 833 3370 114,
859 3295 877 3357 3
901 3312 965 3374 sq.:
1004 3294 1148 3357 Condidit
1181 3297 1231 3356 ln'e
1263 3302 1357 3357 natae
1389 3296 1510 3356 eineres

270 3412 438 3471 nomenque
452 3400 589 3459 sacrarit
614 3400 703 3471 Qaad
717 3400 794 3474 lepis
810 3401 963 3471 Antullae,
987 3401 1111 3476 dignior
1128 3401 1195 3473 ipse
1211 3400 1282 3475 lepi,
1304 3396 1325 3459 i.
1337 3416 1363 3459 e.
1380 3394 1509 3477 dignius

269 3516 384 3561 nomen
414 3496 516 3579 ipsius
543 3496 624 3580 legi3
664 3497 725 3562 Xll
748 3503 798 3576 61,
823 3504 859 3562 7:
893 3490 1043 3576 erneras,
1073 3518 1193 3574 censeo,
1223 3504 1251 3562 si
1281 3504 1344 3579 legi
1373 3503 1507 3571 laboras,

269 3600 289 3662 i.
309 3620 335 3663 e.
359 3599 386 3663 si
409 3605 501 3665 tuum
525 3620 640 3665 namen
662 3601 727 3685 legi
749 3600 890 3667 laboras.
909 3597 916 3689 J

357 3792 374 3875 ᾗ
409 3794 437 3855 2.
494 3789 557 3854 Sed
595 3788 677 3856 haec
712 3786 899 3872 hactenuss'
923 3812 988 3875 qua
1014 3791 1054 3856 de
1095 3790 1201 3855 farma
1239 3790 1392 3875 quoniam
1428 3791 1508 3856 satis

270 3892 350 3956 mihi
371 3892 483 3957 videor
512 3893 704 3977 disputasse,
735 3891 800 3959 iam
823 3893 866 3959 ad
889 3901 1077 3979 sequentem
1107 3893 1398 3977 transgrediamur,
1429 3915 1509 3978 qua

270 3996 337 4062 dei
374 3995 438 4059 vel
466 3995 654 4062 homines
691 3998 975 4083 appellantur
1012 4019 1085 4083 pro
1125 3998 1249 4063 rebus
1280 4019 1391 4081 quac·
1417 4020 1508 4064 sen·

271 4099 391 4166 sibus
414 4120 492 4165 non
516 4108 701 4184 possunt
722 4101 899 4186 percipi.
943 4104 991 4167 Ac
1011 4102 1151 4186 primum
1174 4101 1314 4185 quidem,
1345 4108 1382 4166 ut
1405 4122 1425 4165 a
1448 4100 1509 4165 diis

270 4205 389 4269 iterum
426 4203 546 4283 ordiar,
583 4202 702 4287 legitur
732 4202 840 4270 Mars
870 4227 931 4290 pro
968 4205 1054 4271 bella
1087 4210 1145 4270 aut
1174 4226 1285 4288 pugna
1315 4204 1369 4289 Sp.
1393 4212 1443 4285 22,
1472 4211 1509 4287 33

270 4307 314 4371 Vl
343 4312 400 4387 25,
425 4312 462 4388 73
496 4313 546 4387 32,
571 4314 606 4388 33
650 4330 710 4393 pra
742 4330 860 4393 genere
892 4329 1022 4393 pugnae
1055 4310 1080 4372 V
1112 4314 1163 4388 24,
1189 4314 1245 4390 14;
1286 4330 1346 4392 pro
1376 4309 1508 4374 fortuna

270 4408 348 4476 belli
378 4408 431 4495 Sp.
464 4415 514 4489 23,
546 4416 574 4475 2.
630 4410 734 4477 Simili
768 4410 863 4477 modo
897 4417 1073 4496 usurpatur
1106 4412 1365 4477 adiectivum
1398 4413 1461 4477 hac
1490 4432 1508 4476 e

362 4654 388 4723 1)
407 4653 559 4723 Froehner,
577 4651 722 4710 Kritieche
734 4653 900 4710 Anulekten.
920 4652 1069 4725 (Philologi
1078 4653 1225 4724 supplem.
1236 4652 1263 4709 V
1276 4652 1511 4725 [18891p.36eq.).
