3367 5350
777 526 995 602 suffla

269 711 397 780 'videtur
420 701 587 778 addictust
619 715 728 776 Nescio
759 714 1009 790 quadromonte·
1037 712 1140 773 vitium
1166 709 1316 771 secretius
1339 716 1407 771 erte
1434 698 1509 769 Sue»

266 825 367 899 pianr,
392 837 589 900 quamquam
611 815 697 879 idem
720 813 912 880 vocabulum
936 817 969 876 et
988 812 1123 897 proprio
1145 833 1241 876 sensu
1256 809 1432 876 adhibetur
1446 809 1508 872 hoc

270 923 342 986 loco
357 923 392 1004 1).
425 921 462 985 15
478 919 639 1002 frequenti
653 941 713 983 555
729 924 779 982 551
794 918 990 1002 metonymia
1005 915 1176 981 verborum
1199 936 1272 979 cor
1293 921 1326 979 et
1347 919 1471 997 pactu
1483 934 1508 990 s,

272 1046 355 1109 quae
377 1044 480 1108 paene
502 1023 683 1106 promiscue
705 1021 918 1100 adhibentur3
951 1019 1134 1101 significant
1162 1019 1245 1082 euim
1268 1019 1416 1083 universe
1439 1015 1509 1079 ani·

271 1149 357 1192 mum
381 1125 501 1203 antid,
536 1124 622 1209 quod
652 1126 684 1188 in
716 1125 823 1190 animo
854 1132 904 1187 est
933 1124 1168 1204 gravissimum,
1197 1128 1335 1186 mentem
1366 1120 1437 1184 dico
1459 1116 1510 1180 551

270 1231 533 1312 intellegentiam,
564 1249 628 1312 quo
660 1249 755 1293 sensu
785 1233 894 1292 exstat
915 1247 985 1290 cor
1007 1226 1038 1290 11
1060 1232 1089 1305 8,
1113 1232 1149 1306 6,
1183 1225 1228 1289 III
1251 1230 1301 1303 26,
1328 1231 1365 1304 4,
1399 1227 1450 1300 27,
1474 1228 1510 1301 4,

272 1335 331 1400 VII
348 1340 397 1411 78,
414 1341 450 1412 4,
480 1332 667 1412 11184,17,
697 1339 850 1415 peetus
872 1330 923 1394 vel
944 1335 1122 1412 pectora
1144 1329 1187 1393 IV
1214 1334 1242 1407 5,
1264 1335 1301 1407 1,
1331 1327 1510 1404 1111402,

273 1444 323 1515 69,
347 1445 381 1516 2,
410 1436 555 1513 1111173,
580 1440 614 1516 2,
642 1435 671 1498 X
696 1440 745 1510 25,
774 1442 802 1498 4.
858 1432 1015 1498 Omnibus
1037 1439 1146 1497 autem
1169 1431 1243 1496 aliis
1265 1431 1321 1514 qui
1351 1430 1415 1494 huc
1435 1450 1510 1512 per-

271 1542 376 1604 tinent
389 1540 469 1604 15515
494 1542 644 1622 pectus
666 1537 717 1601 551
738 1543 837 1621 pect
848 1557 920 1600 ora
943 1536 1100 1600 denotant
1114 1534 1242 1617 singula
1257 1555 1305 1613 ea,
1322 1554 1406 1617 quae
1423 1553 1513 1596 mens

272 1644 415 1708 humana
446 1641 599 1719 55511551,
633 1647 669 1706 51
701 1640 883 1705 inveniendi
914 1639 1100 1717 sollertiam,
1132 1639 1329 1716 memoriam,
1359 1657 1513 1701 amorem.

272 1747 335 1812 Pro
357 1745 487 1829 ingenio
511 1746 594 1808 enirn
610 1750 809 1827 usurpantur
824 1744 839 1807 I
856 1749 905 1822 25,
922 1749 956 1823 2,
986 1742 1033 1806 111
1049 1763 1147 1809 carm.
1163 1741 1265 1826 praef.
1286 1746 1318 1822 13
1346 1740 1393 1804 IX
1410 1747 1460 1818 77,
1476 1746 1513 1820 4,

273 1851 319 1914 XI
343 1856 391 1928 10,
417 1856 450 1930 1,
479 1855 529 1925 53,
554 1853 589 1928 2,
618 1847 680 1912 XII
704 1855 755 1924 44,
779 1855 817 1927 43
847 1867 908 1930 pro
930 1846 1086 1911 memoria
1111 1845 1226 1922 11125,
1248 1851 1284 1924 4,
1315 1851 1365 1921 85,
1388 1850 1425 1925 9,
1451 1865 1513 1927 pro

273 1974 382 2019 amore
405 1953 463 2017 VII
489 1957 537 2030 17,
563 1958 597 2016 ll
632 1957 665 2015 et
692 1951 789 2034 paulo
820 1951 977 2015 audacius
1006 1969 1067 2034 pro
1097 1949 1240 2012 consiliis
1264 1948 1290 2010 V
1312 1955 1341 2024 5,
1365 1952 1514 2024 ·1:,Num

273 2061 501 2122 5515555151
521 2060 634 2119 domini
649 2076 835 2134 coquosceru
849 2076 944 2118 curus
966 2059 1005 2116 Et
1021 2064 1144 2116 secreto
1167 2057 1254 2116 ducis
1271 2063 1403 2130 pectora
1423 2071 1516 2114 norae

176 2219 178 2222 ,
273 2166 353 2225 licet.
409 2158 571 2241 Imprimis
604 2179 689 2232 vero,
721 2158 777 2240 qui
806 2157 868 2221 hoc
897 2157 968 2224 loco
994 2161 1296 2233 commemorentur,
1327 2155 1415 2236 digni
1438 2161 1515 2218 5551

274 2284 386 2328 versus
417 2262 460 2327 VI
484 2267 533 2339 64,
564 2266 602 2324 16
629 2283 685 2344 sq,
714 2261 745 2324 in
771 2260 890 2344 quibus
922 2281 992 2324 cor
1021 2266 1054 2324 et
1083 2265 1231 2342 pectus
1261 2263 1515 2340 componuntur:

273 2370 337 2431 Sed
358 2370 500 2444 troipas
523 2370 640 2440 mentis,
671 2369 725 2429 tibi
747 2385 800 2428 cor
823 2370 947 2428 ltmcnte
971 2369 1111 2427 Minerua
1134 2367 1245 2426 455515
1267 2372 1296 2425 et
1324 2372 1430 2426 tenues
1455 2369 1515 2438 fin-

272 2479 388 2532 xerunt
402 2478 514 2546 pectus
537 2473 682 2532 Athenae.
735 2468 859 2546 Quibus
880 2468 980 2548 igitur
1009 2467 1042 2529 in
1068 2464 1223 2548 exemplis
1248 2486 1320 2528 curu
1353 2486 1401 2542 ea,
1429 2485 1516 2547 quae

276 2572 374 2636 animi
395 2577 479 2649 5551,
507 2592 566 2654 per
589 2571 734 2654 corporis
754 2577 875 2656 partes,
904 2571 938 2632 in
966 2568 1084 2653 quibus
1105 2569 1264 2633 collocata
1287 2566 1515 2646 credebantur,

275 2674 458 2759 significata
473 2676 686 2754 inveniantur,
709 2697 772 2739 non
795 2680 845 2739 551
865 2672 1057 2751 mirandum,
1081 2674 1109 2736 si
1127 2674 1224 2737 etiam
1242 2693 1289 2750 ea,
1312 2693 1396 2755 quae
1411 2672 1516 2754 magis

276 2781 318 2843 ad
340 2780 446 2862 ipsum
468 2799 585 2861 corpus
608 2786 766 2862 spectant,
799 2778 862 2841 hoc
891 2777 987 2841 modo
1017 2777 1230 2841 illustrantur.
1285 2775 1339 2840 Sic
1369 2781 1516 2839 venter

166 2908 167 2913 ¹
273 2883 412 2947 sumitur
439 2902 499 2965 pro
530 2881 728 2947 helluatione
757 2881 807 2946 551
836 2880 967 2945 luxuria
997 2881 1084 2960 120,
1109 2886 1143 2960 3,
1186 2900 1250 2963 quo
1279 2879 1392 2943 eodem
1418 2900 1517 2943 sensu

273 2983 1310 3067 5551515515120,3,1140,8,11117,3,1150,6,70,5;
1342 2982 1388 3046 XI
1405 2988 1455 3061 86,
1477 2988 1515 3063 6,

273 3088 351 3153 XIII
374 3093 424 3166 62,
448 3094 483 3168 2,
516 3094 566 3167 85,
589 3094 617 3153 2.
663 3088 878 3173 Frequentius
902 3093 1011 3152 eutem
1034 3089 1082 3151 sic
1104 3088 1236 3171 ponitur
1260 3086 1514 3150 adiectirum

275 3213 314 3257 ex
344 3192 407 3255 hoc
436 3191 615 3256 derivatum
647 3192 814 3270 vocabulo,
849 3212 944 3273 quam
975 3190 1018 3254 ad
1049 3211 1117 3255 reru
1149 3190 1298 3254 conferas
1327 3189 1374 3253 III
1404 3195 1454 3267 22,
1477 3196 1515 3253 5:

273 3301 326 3361 Nil
351 3306 406 3372 ert,
436 3300 535 3375 Apici,
565 3300 619 3360 tior·
648 3302 785 3375 55155155
803 3302 932 3374 factum.
991 3294 1102 3358 Simile
1130 3294 1289 3358 babemus
1318 3292 1377 3357 VH
1406 3298 1515 3373 20,1,

275 3399 762 3479 22,1111123,1,11110,4,
793 3397 890 3474 1159,
912 3404 947 3477 5,
977 3396 1089 3472 11161,
1112 3403 1169 3477 13,
1198 3397 1379 3475 111141,1,
1411 3400 1516 3476 64,2,

275 3502 351 3566 XIII
377 3508 425 3581 71,
453 3510 477 3566 l.
537 3502 695 3567 Gustatus
727 3501 776 3565 551
810 3501 920 3584 potius
944 3492 1097 3564 iudicium
1123 3500 1287 3583 quoddam
1317 3500 1350 3562 iu
1382 3505 1515 3581 gustatu

275 3606 416 3688 positum
448 3605 649 3687 significatur
679 3625 756 3669 voce
787 3604 887 3685 gula
917 3603 960 3667 VI
994 3610 1043 3682 ll,
1067 3610 1102 3683 6,
1139 3603 1213 3667 XIV
1237 3608 1309 3682 220,
1333 3608 1367 3683 2,
1399 3603 1517 3681 15155

275 3707 397 3789 legitur
412 3730 471 3791 pro
488 3709 605 3772 robore
621 3709 766 3791 corporis
782 3708 827 3772 111
844 3712 894 3784 46,
911 3713 939 3772 6.
986 3707 1108 3771 Deinde
1130 3707 1288 3771 lacerti
1309 3705 1518 3789 appellantur

207 3820 211 3827 '
277 3831 337 3894 pro
360 3810 483 3875 viribus
506 3811 579 3875 XIV
602 3817 653 3890 49,
680 3818 710 3893 1,
742 3812 951 3875 515151555
971 3830 1031 3893 pro
1055 3810 1201 3892 agilitate
1230 3831 1344 3873 manus
1366 3810 1518 3875 sinistrae

276 3914 337 3977 VII
360 3919 409 3993 72,
435 3920 492 3994 11,
522 3915 648 3997 pedes
674 3936 734 3998 pro
758 3915 929 3979 velocitate
951 3914 982 3977 II
1009 3920 1056 3991 14,
1078 3922 1115 3994 4,
1145 3913 1206 3978 XII
1223 3918 1273 3990 36,
1300 3917 1355 3993 11,
1384 3912 1518 3976 carni-

278 4016 386 4081 fices
410 4017 537 4100 pedes
559 4039 618 4100 pro
640 4017 786 4100 podagra
806 4017 869 4081 XII
891 4023 942 4106 48,
969 4024 1016 4082 10.

364 4119 432 4184 Iam
464 4141 540 4186 vero
569 4127 747 4203 sequuntur
777 4120 965 4203 exempla
990 4121 1029 4184 in
1060 4121 1213 4203 quibus
1239 4119 1520 4184 instrumenti

279 4224 391 4287 ratio
413 4223 602 4288 dilucide
626 4233 818 4307 apparet,
839 4230 876 4287 ut
892 4224 922 4286 X
938 4229 1056 4302 87,ll:
1078 4230 1340 4303 Puqnorumreus
1353 4228 1519 4300 ebriaeque

279 4332 385 4402 555115,
418 4328 437 4390 i.
461 4349 487 4391 e.
518 4348 592 4391 reus
617 4327 656 4391 de
687 4328 869 4410 petulantia
891 4328 986 4405 5151,
1020 4347 1115 4408 quam
1140 4328 1250 4392 ebrius
1280 4328 1377 4390 alicui
1398 4326 1518 4390 intulit.

280 4428 333 4493 Sic
357 4450 500 4493 manus
521 4432 653 4513 ponitur
677 4452 735 4513 pro
755 4436 905 4494 contactu
929 4431 1033 4508 1141,
1058 4432 1318 4510 10,555515ι5
1343 4451 1402 4513 pro
1425 4429 1519 4492 basio

279 4569 460 4605 *ss-‘“'
473 4574 482 4577 „

368 4657 391 4721 l)
411 4652 482 4707 Vide
501 4654 603 4707 Friedl.
622 4654 657 4706 ad
676 4655 748 4707 hunc
767 4655 867 4707 locum.
