3367 5350
679 477 935 559 ans-..²

168 663 276 748 nymia
299 685 316 728 a
339 663 452 730 fabula
475 663 668 748 deprompta
691 687 775 750 quaa
796 666 882 730 inest
903 667 938 730 in
959 686 1057 730 versu
1075 664 1120 729 IV
1144 670 1247 742 32,1;
1271 665 1311 730 Et
1333 668 1408 731 lutet

168 777 198 832 et
223 774 304 832 lucet
332 773 556 834 Phaethontide
586 774 710 834 conditu
737 779 842 849 puttu;
882 769 1084 851 significatur
1129 771 1214 835 enim
1250 769 1406 835 electrum

167 872 254 954 quod
277 872 367 938 nasci
384 873 546 957 putabant
562 893 579 936 e
595 871 737 938 lacrimis
753 871 966 937 Phaethontis
981 894 1139 938 sororum.
1170 873 1219 938 Ad
1241 873 1406 953 bestias

165 975 351 1041 reseruntur
378 975 460 1041 haec
482 975 646 1060 exempla:
676 997 819 1040 murex
849 997 910 1059 pro
939 997 1086 1060 purpura
1114 978 1166 1042 vel
1189 977 1297 1041 colore
1329 997 1406 1059 pur·

166 1099 268 1161 purco
291 1081 310 1146 I
331 1085 382 1160 49,
407 1084 464 1160 32,
489 1079 533 1142 IV
556 1087 586 1157 4,
610 1083 645 1160 6,
668 1078 744 1144 VIII
765 1084 816 1157 48,
839 1087 876 1160 5,
900 1085 950 1158 72,
975 1086 1010 1160 1,
1034 1080 1080 1144 IX
1098 1085 1150 1159 62,
1168 1087 1202 1161 1,
1225 1079 1288 1144 XII
1303 1084 1405 1159 63,4,

165 1180 418 1248 rhinoceros
439 1203 499 1266 pro
523 1189 615 1266 gutto
634 1203 651 1246 e
667 1202 767 1248 cornu
789 1184 859 1247 eius
880 1182 968 1248 facto
986 1183 1060 1247 XIV
1076 1188 1135 1248 62:
1162 1188 1298 1248 Gestavit
1318 1189 1405 1247 modo

159 1291 269 1364 fronte
297 1307 344 1350 me
369 1292 534 1352 iuvencus:
574 1289 681 1351 Verum
710 1291 910 1351 rhinocerota
938 1308 986 1350 nte
1009 1291 1162 1368 putatam
1191 1287 1211 1350 i.
1236 1308 1262 1350 e.
1294 1292 1405 1350 tantus

164 1409 263 1468 eram,
295 1396 333 1472 ut
354 1411 371 1454 e
394 1389 620 1470 rhinocerotis
633 1410 734 1454 cornu
756 1388 864 1454 iactus
887 1411 958 1455 esse
979 1389 1123 1456 ¹viderer.
1169 1389 1279 1471 Simile
1301 1389 1405 1454 habes

163 1492 237 1556 XIV
260 1497 318 1557 53:
351 1499 458 1572 Nuper
486 1499 518 1557 iu
541 1499 677 1558 Ausonio
705 1498 818 1558 domini
848 1505 1005 1572 spectatus
1034 1500 1155 1559 terena
1174 1498 1236 1558 'Hic
1265 1498 1326 1557 erit
1353 1499 1405 1556 ille

161 1599 225 1672 tibi,
248 1601 299 1660 cui
314 1602 384 1675 pilu
407 1606 517 1662 taurus
540 1607 619 1674 erut,
649 1597 669 1660 i.
693 1618 720 1662 e.
752 1602 865 1682 guttns
887 1597 940 1660 hic
963 1596 1070 1662 factus
1094 1603 1144 1662 est
1166 1618 1184 1662 a
1207 1617 1307 1661 cornu
1337 1596 1403 1660 rhi-

162 1699 326 1768 nocerotis
342 1700 470 1783 qualem
494 1721 599 1784 nuper
621 1700 759 1765 vidimus
781 1699 814 1764 in
836 1699 1078 1782 amphitheatro
1098 1701 1274 1765 iactantem
1289 1706 1404 1765 tauros

161 1802 373 1886 quasipilas.
408 1803 585 1870 Praeterea
606 1804 780 1870 testudo
801 1803 936 1888 ponitur
955 1825 1017 1889 pro
1038 1805 1206 1889 putamine
1228 1802 1401 1868 testudinis

160 1905 236 1970 XIV
264 1912 315 1985 87,
342 1913 373 1972 l:
403 1913 517 1987 Accipe
547 1915 654 1973 lunate
682 1913 831 1990 cereptum
862 1913 1016 1972 testudine
1044 1913 1160 1987 sipmc;
1199 1906 1261 1971 XII
1290 1912 1341 1987 66,
1365 1915 1403 1981 5,

165 2015 355 2076 Gemmantes
376 2017 483 2092 prima
500 2018 626 2093 fulpent
650 2017 802 2076 testudine
825 2017 904 2076 lecti.
951 2011 1073 2086 Eodem
1102 2010 1198 2076 modo
1227 2009 1403 2075 adhibetur

160 2111 356 2180 adiectivum
384 2136 424 2180 ex
454 2114 517 2179 hoc
543 2115 724 2180 derivatum
753 2114 911 2180 vocabulo
932 2115 980 2180 IX
1003 2121 1111 2195 59,.9:
1137 2119 1178 2178 Et
1199 2119 1401 2194 testudineum

35 2211 36 2244 ³
156 2237 280 2281 mensus
302 2229 414 2297 quater
435 2224 631 2299 hexacltnon,
654 2218 675 2282 i.
699 2239 725 2284 e.
748 2218 944 2284 hexaclinon
965 2218 1157 2284 testudineis
1179 2217 1401 2302 putaminibus
1484 2267 1486 2271 ,

158 2327 360 2388 exornatum.
406 2322 499 2401 Quod
530 2343 606 2386 vero
635 2321 700 2388 leo
733 2323 872 2390 sumitur
893 2322 940 2386 IX
962 2328 1013 2401 43,
1040 2328 1053 2386 l
1085 2342 1146 2405 pro
1176 2320 1261 2405 pelle
1288 2319 1400 2399 leonis,

35 2437 37 2510 l
157 2445 258 2506 quam
287 2425 425 2491 formam
454 2425 519 2492 huc
538 2424 743 2491 referendam
763 2431 860 2511 putat
882 2424 1102 2509 hiudskogl),
1125 2424 1188 2489 hoo
1210 2424 1288 2506 quia
1306 2422 1401 2507 pellis

157 2527 315 2598 detractu
338 2529 474 2594 urentis
504 2527 630 2594 bestiae
660 2529 800 2614 speciem
829 2529 991 2614 praebere
1020 2535 1053 2594 et
1080 2533 1185 2593 totum
1215 2547 1276 2612 pro
1304 2533 1400 2612 parte

35 2663 36 2689 ι
156 2632 271 2715 potius
290 2632 436 2716 intellegi
462 2638 573 2718 potest
601 2633 753 2718 positum,
782 2632 1005 2719 synecdochae
1027 2653 1143 2699 censeo
1165 2630 1399 2697 subiciendum.

156 2735 262 2801 Aliter
293 2757 346 2803 res
375 2758 446 2814 sese
472 2734 573 2802 habet
602 2737 655 2821 Sp.
687 2744 716 2818 3,
738 2744 768 2815 4,
799 2736 856 2803 ubi
886 2758 988 2821 equus
1018 2742 1126 2802 exstat
1152 2756 1214 2821 pro
1242 2735 1398 2818 sanguine

156 2842 286 2923 equino,
310 2840 397 2925 quod
415 2840 596 2925 exemplum
612 2860 809 2925 quamquam
825 2839 1028 2922 aliquantum
1044 2840 1145 2904 distat
1158 2839 1200 2904 ab
1214 2839 1287 2903 aliis
1302 2838 1398 2903 huius

154 2942 291 3022 formae,
323 2964 407 3027 quae
437 2944 545 3009 adhuc
572 2944 677 3029 attuli,
707 2951 816 3009 tamen
847 2944 911 3008 huc
931 2950 1080 3027 spectare
1102 2942 1239 3008 videtur.
1284 2941 1397 3025 Neque

155 3067 221 3111 non
248 3048 391 3131 pertinet
414 3046 539 3112 adhoc
562 3068 679 3130 genus,
711 3046 798 3130 quod
820 3046 914 3110 Indi
943 3047 994 3110 vel
1016 3046 1153 3110 Indici
1175 3046 1226 3111 rel
1249 3044 1398 3129 Libyci

155 3149 308 3215 dentes
331 3150 389 3237 (sc.
412 3149 673 3235 elephantorum)
702 3150 802 3235 pedes
825 3149 986 3215 eburneos
1007 3148 1191 3233 significant
1212 3170 1278 3232 qua
1301 3148 1340 3213 de
1360 3170 1397 3212 re

155 3253 306 3319 conferas
329 3254 431 3332 1143,
453 3260 489 3335 9,
513 3254 559 3319 IX
583 3259 633 3332 22,
659 3262 694 3335 53
717 3254 747 3317 X
769 3260 820 3333 98,
844 3258 880 3334 6,
903 3252 978 3317 XIV
1001 3258 1030 3331 3,
1054 3258 1082 3317 2.

243 3358 312 3423 Iam
344 3379 420 3424 vero
460 3379 559 3424 vasa
596 3357 662 3423 vel
697 3357 812 3422 aliae
849 3378 915 3422 res
952 3356 1230 3441 appellantur
1263 3355 1314 3421 ad
1348 3376 1396 3419 ea

153 3460 454 3543 significanda
477 3482 585 3545 quae
608 3461 723 3527 iniis
746 3461 901 3526 insunt.
943 3461 997 3527 Sic
1018 3480 1078 3544 pro
1099 3462 1173 3524 rino
1195 3465 1396 3542 usurpantur

153 3564 315 3629 vocabula
343 3565 440 3631 haec:
475 3563 676 3649 amphora
697 3564 713 3629 1
738 3570 786 3644 18,
809 3570 845 3645 8,
879 3565 922 3630 VI
942 3569 992 3643 27,
1015 3569 1051 3644 8,
1081 3563 1157 3629 VIII
1179 3570 1230 3641 45,
1254 3571 1290 3644 4,
1319 3562 1396 3626 XIII

158 3673 229 3746 111,
254 3673 289 3749 1,
310 3674 423 3733 testa
444 3667 459 3732 l
484 3673 554 3746 105,
579 3674 616 3749 4,
639 3667 766 3732 cadus
789 3667 839 3733 vel
862 3668 959 3733 cadi
980 3669 1015 3734 X
1038 3672 1087 3745 36,
1110 3672 1147 3748 2,
1171 3666 1248 3731 XIII
1272 3670 1393 3747 ll2,2;

156 3776 227 3850 118,
260 3776 295 3851 2,
330 3772 471 3836 triens
505 3770 555 3835 vel
590 3772 776 3836 trientes
810 3771 857 3835 IX
885 3776 936 3849 90,
966 3778 1002 3852 5,
1037 3770 1142 3850 Χ13,
1167 3778 1202 3851 5,
1235 3769 1281 3833 XI
1306 3774 1394 3850 6,9,

153 3873 228 3938 XIV
260 3879 330 3954 103,
362 3882 397 3955 1,
433 3873 548 3939 calix
576 3874 607 3938 Π
638 3881 665 3953 l,
698 3880 753 3957 10,
785 3874 942 3961 pocula
963 3875 1038 3940 VIII
1067 3879 1118 3953 39,
1141 3880 1178 3955 4,
1211 3873 1256 3937 IX
1288 3880 1335 3952 ll,
1360 3880 1394 3952 1,

153 3977 184 4041 X
205 3983 256 4057 48,
279 3983 336 4058 24,
359 3978 405 4043 XI
430 3983 500 4056 104,
516 3982 574 4059 20,
604 3977 678 4041 XIV
705 3983 829 4059 112,1,
859 3977 1015 4061 lagona
1036 3978 1081 4043 IV
1104 3982 1154 4054 69,
1177 3982 1212 4057 3,
1236 3976 1337 4054 Χ45,
1355 3982 1392 4057 6,

154 4081 216 4145 XII
238 4086 289 4162 82,
308 4087 368 4162 11,
385 4102 445 4166 pro
469 4082 700 4165 unguentis
722 4081 875 4165 leguntur
898 4080 1123 4147 alabastra
1143 4080 1189 4143 XI
1205 4085 1234 4152 8,
1250 4086 1286 4160 9,
1309 4101 1394 4144 am·

152 4184 295 4267 pullae
325 4185 371 4249 III
401 4190 451 4265 82,
475 4190 534 4265 26,
569 4184 767 4267 plumbea
790 4186 905 4265 vles,
929 4190 965 4265 3,
996 4183 1152 4268 pocula
1181 4178 1393 4247 medioata

151 4309 212 4372 pro
225 4289 356 4372 potione
370 4288 533 4353 medicata
544 4287 590 4351 IX
602 4294 652 4368 94,
672 4294 697 4351 l.
720 4288 853 4353 Testa
866 4289 1051 4353 nominatur
1064 4307 1124 4370 pro
1136 4287 1207 4350 oleo
1222 4286 1284 4351 XII
1297 4292 1347 4364 63,
1359 4291 1392 4365 2,

151 4411 303 4457 acerra
332 4413 392 4476 pro
415 4398 488 4457 ture
509 4391 539 4456 X
562 4396 612 4469 24,
637 4399 671 4471 5,
701 4391 857 4475 lagona
879 4413 939 4475 pro
964 4410 1086 4454 veneno
1107 4390 1168 4454 XII
1191 4397 1241 4469 91,
1264 4397 1300 4470 4,
1331 4404 1391 4476 'pro

152 4532 286 4539 --------....Ἰ

238 4619 263 4684 1)
284 4635 311 4687 p.
329 4620 371 4671 to.
