3367 5350
683 549 897 628 ,194

240 719 470 796 'Transeamus
501 755 585 798 nunc
617 734 672 798 od
707 738 932 819 corporis
968 744 1142 820 partes
1171 729 1254 822 per
1290 734 1405 823 quas

167 831 361 899 homines
391 836 684 919 designantur.
738 839 847 904 Gula
875 848 983 905 exstat
1011 862 1071 925 pro
1100 841 1250 908 helluone
1279 842 1331 908 vel
1351 865 1406 909 ue·

166 942 243 1019 pote
266 937 326 1003 Vll
348 943 399 1018 20,
425 945 472 1004 18.
527 941 739 1024 Quamquam,
763 945 840 1025 quia
861 951 989 1028 partem
1011 936 1144 1009 exhibet
1168 967 1229 1029 pro
1251 953 1330 1026 toto,
1363 948 1406 1012 ad

167 1041 392 1124 synecdochen
414 1045 546 1126 proprie
569 1045 740 1110 referenda
772 1047 815 1110 sit
844 1046 927 1115 haec
955 1048 1069 1127 forma,
1098 1055 1207 1114 tamen
1239 1071 1312 1115 cum
1342 1071 1406 1115 uon

166 1143 263 1208 homo
286 1151 423 1225 tantum,
446 1149 503 1211 sed
525 1149 778 1232 intemperantia
801 1157 900 1233 atque
915 1152 1149 1216 incontinentia
1164 1154 1233 1218 eius
1247 1155 1406 1236 imprimis

167 1247 360 1327 declaretur,
383 1253 579 1336 metonymia
601 1274 725 1317 summo
753 1253 823 1318 iure
853 1255 931 1319 mihi
962 1255 1090 1320 videtur
1121 1258 1273 1322 constitui
1300 1278 1405 1341 posse.

167 1351 269 1416 Simili
294 1353 334 1417 de
364 1375 463 1418 causa
494 1376 565 1419 cum
594 1356 637 1420 ad
665 1357 897 1441 synecdochen,
928 1366 997 1423 tum
1019 1359 1062 1423 ad
1084 1358 1170 1424 hanc
1192 1362 1406 1444 metonymice

165 1455 302 1520 formam
326 1463 453 1540 spectat
481 1458 535 1522 ille
567 1468 680 1543 tropus
711 1461 766 1542 qui
795 1482 955 1527 cunnos
984 1462 1117 1528 exhibet
1150 1471 1323 1546 usurpatos
1345 1485 1406 1548 pro
1480 1522 1483 1529 .

166 1561 391 1626 meretricibus
414 1561 464 1625 vel
487 1563 629 1627 moechis
646 1562 688 1627 VI
709 1571 759 1642 45,
788 1572 817 1646 l,
846 1586 933 1628 man
944 1588 993 1630 us
1010 1587 1070 1650 pro
1087 1566 1211 1631 artifice
1227 1566 1286 1631 Vll
1302 1574 1351 1646 56,
1368 1576 1404 1648 43

128 1661 131 1668 ’
165 1685 323 1728 manum
356 1686 416 1748 pro
449 1686 541 1730 servo
575 1669 763 1731 amanuensi
794 1668 808 1731 I
842 1674 912 1746 101,
947 1675 982 1734 l:
1018 1674 1079 1734 Illo
1109 1685 1217 1734 1111111111
1253 1678 1405 1749 quondam

165 1773 336 1832 studiorum
361 1774 427 1846 fidu
456 1791 598 1834 meorum.
656 1770 736 1834 Item
769 1771 832 1835 huc
865 1774 1007 1854 pertinet
1037 1773 1083 1837 XI
1106 1779 1156 1852 61,
1187 1779 1222 1838 2:
1254 1779 1404 1839 Summos·

164 1875 268 1934 aionis
296 1877 485 1951 inquinatior
508 1878 621 1950 buccis,
644 1875 663 1937 i.
680 1895 706 1938 e.
729 1875 808 1958 ipsis
830 1877 1057 1941 meretricibus
1079 1875 1268 1941 Suburanis.
1313 1877 1405 1943 Addo

164 1974 195 2039 ΙΙ
210 1981 262 2053 46,
277 1981 294 2039 7
312 1997 374 2059 sq.:
401 1981 445 2041 Τ11
466 1982 728 2056 spectationem
750 1984 899 2043 1111111111·
919 1986 1018 2044 lentus
1038 1985 1128 2044 amici
1152 1985 1212 2043 Pro
1233 1987 1354 2045 scelus!
1377 1992 1407 2045 et
1464 2032 1467 2037 .

165 2084 274 2142 luteris
299 2086 428 2160 frigora
457 2086 531 2146 trite
561 2086 614 2146 toi.
675 2079 737 2144 Pro
772 2087 817 2146 tui
847 2082 1002 2147 exhibent
1032 2085 1159 2147 codices
1190 2088 1289 2160 times,
1321 2105 1405 2167 quae

164 2182 262 2246 lectio
292 2189 450 2266 epoetae
482 2185 644 2248 sententia
673 2184 800 2248 videtur
830 2185 1018 2264 abhorrere,
1052 2207 1124 2250 cum
1159 2207 1265 2250 sermo
1295 2187 1338 2251 sit
1364 2187 1405 2251 de

165 2284 310 2350 Naevolo
332 2288 483 2370 quodam,
507 2289 562 2370 qui
586 2289 682 2351 amici
703 2289 753 2352 sui
776 2287 879 2371 frigus
901 2290 1131 2354 immisericors
1151 2296 1279 2374 spectat
1299 2310 1404 2373 neque

164 2391 327 2455 succurrit
349 2391 408 2455 sub
430 2391 547 2473 pannis
572 2391 701 2472 algenti.
755 2397 861 2474 Atque
890 2394 1022 2476 saepius
1050 2395 1156 2458 exitus
1183 2414 1334 2458 versuum
1356 2395 1404 2458 ita

165 2495 311 2576 corrupti
332 2501 416 2570 sunt,
439 2503 475 2558 ut
497 2515 557 2577 pro
573 2494 731 2559 vocabulo
755 2494 942 2562 aMartiale
965 2497 1087 2581 scripto
1109 2495 1198 2560 aliud
1214 2496 1403 2561 sumendum

164 2598 206 2660 sit
229 2597 441 2662 substitutum
466 2617 535 2662 esse
552 2600 586 2682 ¹).
632 2598 705 2682 lpse
721 2599 822 2682 igitur
837 2601 961 2664 amicus
982 2602 1039 2684 qui
1054 2599 1188 2664 Naevoli
1199 2599 1285 2664 latus
1303 2601 1404 2684 cingit

164 2702 320 2784 tegitque,
342 2702 429 2767 latus
452 2704 521 2767 eius
544 2702 737 2785 appellatur,
763 2703 852 2787 quod
873 2705 957 2768 idem
981 2704 1083 2769 habes
1102 2705 1146 2768 Vl
1170 2709 1220 2783 68,
1243 2710 1279 2769 4:
1308 2709 1403 2786 Euty-

163 2810 240 2870 chus
272 2811 333 2881 ille,
371 2818 463 2882 11111111,
502 2808 649 2882 castrice,
684 2812 773 2871 dulce
806 2814 896 2872 lotus.
963 2808 1067 2871 Simili
1103 2806 1199 2871 modo
1232 2814 1405 2872 sumuntur

163 2909 294 2993 pedes
324 2930 384 2993 pro
414 2910 524 2993 pueris
555 2909 611 2991 qui
640 2908 683 2973 ad
712 2909 812 2992 pedes
843 2911 980 2975 alicuius
1008 2918 1097 2975 stent
1127 2910 1247 2990 11182,
1274 2915 1328 2975 18:
1366 2917 1404 2974 Ar

162 3018 230 3090 ipse
252 3022 337 3076 retro
354 3020 457 3093 flexus
487 3019 531 3077 od
548 3019 662 3091 pedum
689 3018 817 3079 turbam.
871 3014 995 3092 Quibus
1023 3012 1174 3095 adiungo,
1206 3034 1403 3096 quamquam

163 3116 228 3179 huc
250 3117 356 3180 minus
379 3116 530 3199 pertinet,
557 3115 623 3193 13,
647 3124 682 3180 5:
718 3121 855 3181 1111111111
882 3138 1031 3207 nusquam
1057 3121 1205 3192 rhoccbi;
1239 3115 1404 3180 rhonchus

165 3220 250 3283 enim
273 3228 323 3283 est
348 3219 515 3283 stertentis
545 3240 652 3296 sonus,
683 3235 746 3301 quo
776 3220 931 3285 iudicium
960 3218 1164 3284 fastidiosum
1194 3218 1402 3300 intellegitur,

163 3343 261 3405 quam
285 3323 326 3387 ob
349 3342 417 3387 rem
440 3323 493 3387 hic
514 3343 575 3407 pro
598 3324 669 3405 ipso
697 3322 841 3387 derisore
873 3323 1015 3387 occurrit
1043 3326 1220 3404 usurpatus
1250 3322 1300 3386 vel
1332 3342 1404 3386 cen·

163 3446 238 3490 sore
271 3426 422 3510 superbo.
484 3430 531 3490 Ac
565 3427 717 3509 quoniam
752 3425 791 3490 de
823 3427 969 3510 corporis
1004 3425 1153 3508 partibus
1186 3426 1309 3507 agitur,
1338 3446 1403 3490 non

164 3530 426 3612 praetermittam
457 3531 534 3613 quin
565 3529 718 3593 nonnulla
741 3530 859 3594 addam
884 3530 923 3593 de
945 3529 1078 3593 vocibus
1105 3528 1121 3591 f
1129 3549 1257 3606 ames,
1287 3528 1402 3606 sitis,

165 3632 301 3711 dolor,
335 3654 418 3715 quae
457 3632 618 3716 quomodo
650 3640 790 3716 aposta
823 3640 1029 3716 usurpentur,
1067 3631 1148 3695 haec
1179 3630 1403 3695 demonstrant

165 3734 328 3819 exempla:
359 3737 451 3815 1117,
474 3744 512 3800 4:
539 3742 621 3813 (mid
642 3741 794 3816 copitalia,
817 3756 833 3799 0
852 3743 954 3815 sames
976 3740 1162 3799 amicorum?
1183 3735 1203 3797 i.
1220 3754 1245 3798 e.
1267 3734 1402 3799 oleme-

162 3839 216 3903 lici
232 3840 337 3919 amici,
353 3846 390 3904 ut
404 3841 639 3923 interpretatur
650 3838 929 3904 Friedlaenderus.
959 3837 1089 3902 Priores
1105 3838 1234 3920 quidem
1251 3838 1401 3916 editores,

162 3962 242 4024 quos
276 3944 425 4025 sequitur
457 3944 490 4007 in
521 3942 583 4007 hoc
614 3962 710 4006 versu
749 3941 953 4025 explanando
987 3941 1231 4006 Wannowskius
1245 3942 1281 4024 ²),
1315 3941 1401 4004 lame

162 4046 274 4109 dicunt
290 4046 466 4128 significari
481 4053 637 4129 patronos
653 4048 708 4129 qui
721 4046 871 4129 exiguam
885 4045 1065 4128 sportulam
1080 4045 1254 4127 largientes
1267 4044 1400 4108 clientes

161 4168 236 4212 suos
257 4149 343 4213 ieme
366 4145 554 4214 enecabant.
607 4149 671 4215 Sed
694 4156 760 4213 tam
784 4148 941 4213 audacem
968 4146 1181 4232 metonymice
1204 4148 1340 4211 formam
1363 4157 1400 4211 ut

248 4410 272 4475 l)
292 4406 380 4475 Quam
400 4410 459 4462 reni
477 4409 611 4477 exemplis
636 4410 832 4478 comprobavit
855 4406 1095 4473 Friedlaenderus,
1114 4405 1345 4461 Observationum
1363 4405 1398 4459 de

159 4492 298 4547 Martialis
317 4495 531 4564 epigrammatis.
550 4493 626 4548 Part.
646 4493 1005 4567 1111111111118111.
1024 4488 1098 4559 1878,
1117 4491 1134 4544 Ι
1152 4510 1179 4560 p.
1196 4495 1221 4545 4.

245 4581 274 4647 2)
292 4579 479 4650 Metonymiae
504 4583 574 4634 ratio
601 4599 615 4635 e
641 4582 823 4650 scriptoribus
846 4580 953 4634 Latinis
980 4579 1125 4647 explicata.
1160 4576 1323 4646 Programm
1348 4578 1397 4631 des

158 4664 224 4734 Kgl.
244 4665 559 4737 Marien-Gymnusiums
577 4688 611 4721 zu
630 4668 722 4722 Poscu
742 4669 852 4720 11111111
874 4666 1021 4734 Schuljahr
1040 4665 1160 4732 1859166,
1179 4682 1205 4732 p.
1226 4667 1248 4716 7.

1153 4751 1190 4783 es
