3367 5350
688 533 904 594 ..ιη-

178 703 305 766 tramine
329 701 509 767 derivatum
536 702 635 780 1124,
661 703 695 770 1:
718 706 844 766 Hermes
869 705 984 766 Martia
1004 706 1123 766 saeculi
1146 707 1294 780 uoluptas,
1322 719 1418 782 quern
1501 683 1504 689 ¹

178 828 304 872 versum
334 806 380 870 sic
412 826 527 872 censeo
566 804 790 890 explicandum
820 810 951 870 secutus
982 804 1195 888 plurimorum
1224 804 1418 888 interpreta-
1477 838 1478 841 ¹

178 911 297 976 tionem
321 910 498 974 editorum:
527 908 603 988 ‘Qui
627 909 790 974 Romanos
811 908 985 979 bellicosos
1005 914 1064 974 tua
1092 908 1126 973 in
1156 906 1273 992 pugnis
1295 905 1418 991 gladia·

177 1014 270 1078 toriis
288 1013 478 1079 fortitudine
502 1017 535 1078 et
556 1012 717 1078 industria
741 1009 910 1078 obleatse'.
956 1011 1001 1076 XI
1022 1017 1051 1092 3,
1072 1016 1107 1080 3,
1128 1019 1172 1076 aa
1186 1016 1303 1076 Martia
1316 1015 1419 1091 sipna,

178 1119 197 1181 i.
220 1139 247 1182 e.
269 1117 355 1182 inter
377 1114 495 1182 vexilla
516 1115 643 1196 bellica,
666 1116 700 1181 in
723 1117 856 1196 caetris3
888 1115 997 1194 11118,
1017 1122 1052 1182 5:
1075 1120 1116 1180 Et
1131 1123 1248 1196 fortem
1268 1119 1418 1180 iuuenem·

178 1243 237 1301 que
275 1225 490 1300 Martiumque.
547 1218 671 1284 Deinde
712 1240 773 1303 pro
812 1218 932 1284 Martio
971 1235 1082 1284 mansa
1122 1241 1144 1284 a
1179 1217 1285 1284 Marte
1330 1216 1418 1282 dicto

177 1326 187 1388 i
194 1346 265 1408 psa
288 1325 387 1390 deus
407 1322 583 1389 adhibetur
604 1322 789 1403 1119016,
811 1327 865 1388 Sia
878 1328 999 1393 Martie
1023 1328 1078 1389 tibi
1098 1327 1237 1388 sanant
1248 1327 1429 1395 Kalendae,

178 1428 295 1512 quibus
314 1427 421 1493 verbis
438 1428 594 1492 Venerem
611 1427 789 1510 alloquitur
810 1433 917 1511 poeto.
952 1426 1224 1492 Friedlaendarus
1238 1425 1263 1509 ¹)
1287 1423 1418 1508 quidam

176 1555 248 1598 oum
274 1553 378 1616 neque
399 1532 433 1596 in
450 1531 558 1596 Fastis
581 1549 685 1614 nequa
706 1530 784 1596 alibi
807 1535 1078 1597 commemoretur
1101 1529 1268 1595 Kalendas
1280 1526 1419 1592 Martias

176 1636 296 1702 Venari
318 1656 429 1700 sacras
451 1635 560 1714 fuisse,
582 1653 643 1718 pro
667 1639 778 1700 Martia
793 1639 954 1700 Kalendae
975 1634 1149 1718 legendum
1170 1638 1267 1718 putat
1286 1642 1419 1719 martae

176 1745 348 1816 Kalendae,
381 1759 446 1823 quo
477 1738 530 1803 die
565 1737 716 1804 mulieres
749 1738 938 1802 humiliores
972 1743 1102 1802 constat
1131 1737 1296 1802 Fortunae
1325 1733 1419 1813 virili,

175 1844 378 1908 honestiores
404 1843 519 1908 Veneri
542 1841 756 1908 verticordiae
786 1840 998 1906 sacrificasse.
1050 1841 1088 1906 In
1117 1839 1259 1914 editione
1288 1837 1419 1922 quidem

177 1947 263 2012 hanc
281 1946 504 2011 ‘coniecturam
530 1945 660 2010 missam
684 1945 765 2010 facit
793 1949 826 2008 at
854 1944 888 2009 id
908 1945 1101 2025 iustissime3
1129 1965 1205 2008 nam
1234 1948 1271 2006 nt
1292 1948 1419 2007 taceam

181 2073 201 2115 a
224 2051 371 2116 codicum
393 2050 532 2115 lectione
556 2049 650 2114 nimis
673 2069 744 2114 eam
767 2048 956 2130 abhorrere,
979 2047 1107 2114 Martiis
1125 2045 1282 2112 Kalendis
1298 2044 1420 2111 Matro-

177 2154 266 2219 nalia
295 2152 555 2230 celebrabantur,
589 2171 653 2235 quo
687 2152 739 2218 die
767 2171 830 2218 non
861 2151 965 2218 solum
996 2151 1123 2217 faminis
1152 2149 1330 2228 amaritia,
1362 2147 1420 2214 aad

177 2258 276 2323 etiam
299 2257 341 2322 ab
365 2256 565 2322 amatoribus
589 2277 725 2321 munera
746 2255 962 2321 mittebantur
983 2255 1110 2334 amatis,
1132 2274 1198 2336 qna
1221 2252 1262 2318 dc
1284 2273 1322 2318 ra
1343 2271 1419 2318 con·

178 2361 265 2426 fares
290 2361 315 2424 V
339 2365 390 2440 84,
418 2366 456 2426 10
479 2380 543 2442 uqa
574 2364 642 2424 Sais
663 2370 757 2436 certe,
774 2369 864 2439 puto,
890 2369 994 2424 uestra
1017 2363 1077 2423 iam
1099 2363 1205 2422 uenire
1228 2361 1420 2433 Saturnalia,

177 2469 310 2530 Martias
333 2470 507 2542 Kalendas,
535 2463 613 2528 item
637 2463 835 2548 Lygdamum
864 2469 891 2540 l,
917 2473 991 2545 laq.
1034 2463 1108 2542 Qua
1130 2461 1172 2526 de
1200 2481 1302 2526 causa
1331 2459 1418 2526 llar-

177 2568 263 2633 tialis
292 2567 378 2632 hanc
407 2567 492 2632 diem
523 2566 640 2631 Veneri
672 2587 799 2632 sacram
830 2566 959 2632 videtur
987 2585 1120 2631 vocasse
1133 2564 1170 2645 ²).
1232 2564 1286 2628 Sia
1320 2563 1420 2628 etiarn

179 2672 276 2737 lanus
298 2671 418 2757 legitur
448 2692 507 2755 pro
530 2691 640 2736 mensa
663 2669 816 2735 Ianuario
840 2670 892 2736 cui
913 2676 1045 2757 praeest
1067 2666 1128 2735 Vll
1152 2675 1182 2749 8,
1205 2676 1240 2750 5,
1271 2667 1347 2733 VIII
1369 2672 1420 2748 33,

182 2782 236 2857 11,
266 2775 344 2841 XIII
368 2781 418 2855 27,
445 2782 480 2857 1,
513 2775 646 2859 Enyo,
679 2773 839 2841 bellorum
861 2775 932 2853 dea,
960 2778 1139 2859 usurpatur
1159 2794 1219 2857 pro
1240 2773 1313 2856 ipso
1335 2771 1420 2837 bello

178 2879 233 2963 Sp.
258 2883 308 2958 24,
332 2884 368 2959 3,
406 2900 467 2963 pro
490 2878 579 2944 exitu
607 2878 825 2957 balliV132,
851 2884 885 2944 l:
923 2882 994 2942 Cum
1023 2882 1186 2943 >dultitaret
1215 2882 1318 2942 adbuc
1351 2879 1422 2942 belli

179 2988 277 3048 ciuilis
298 2988 394 3065 Enyo.
440 2982 594 3061 Diana,
617 2981 680 3047 dea
701 2982 882 3047 venationis
903 3000 1046 3064 praeses,
1065 2980 1228 3045 invenitur
1249 3000 1309 3063 pro
1324 2998 1421 3043 suarna⁶
1540 3013 1541 3016 π

179 3086 268 3152 tione
289 3086 343 3170 Sp.
372 3090 418 3165 12,
444 3091 476 3150 l:
509 3090 597 3151 Inter
624 3089 797 3151 Caesareae
818 3089 998 3149 discrimina
1019 3104 1114 3149 saera
1136 3087 1268 3159 Dianae,
1294 3083 1314 3147 i.
1338 3102 1365 3147 a.
1387 3082 1421 3146 in

180 3191 351 3257 venatione
371 3211 391 3255 a
407 3189 593 3255 Domitiano
606 3189 751 3255 exhibita
765 3190 798 3253 in
814 3188 1066 3272 amphitheatro.
1102 3185 1291 3251 Minerva
1312 3191 1422 3251 exstat

176 3314 237 3378 pro
260 3294 396 3359 scientia
418 3294 433 3359 I
457 3300 507 3370 39,
521 3298 556 3359 3:
580 3297 614 3357 Si
636 3299 704 3373 puis
725 3296 894 3373 Cecropiae
907 3296 1050 3357 madidus
1067 3293 1236 3371 Latiaeque
1250 3294 1420 3365 Mineruae,

178 3399 198 3461 i.
221 3420 248 3463 e.
274 3397 409 3463 Graecis
436 3397 627 3481 Latinisque
657 3395 775 3461 litteris
798 3395 962 3476 eruditum
994 3400 1028 3459 et
1056 3393 1206 3459 similiter
1235 3393 1265 3458 X
1292 3398 1421 3471 19,14;
1520 3477 1522 3482 Ι

182 3505 271 3565 Totos
314 3508 368 3567 dat
412 3506 540 3566 tetricae
576 3504 643 3565 dies
678 3503 855 3575 Mineruae,
904 3499 924 3562 i.
963 3519 990 3563 a.
1032 3497 1148 3563 studiis
1194 3493 1420 3562 severioribus.

179 3604 320 3669 Venus
342 3604 461 3688 legitur
475 3623 535 3687 pro
552 3622 662 3668 amore
677 3602 727 3667 vel
743 3601 895 3686 amplexu
911 3601 1087 3667 Venareol
1108 3606 1179 3680 103,
1197 3605 1252 3680 10,
1277 3605 1348 3678 109,
1366 3604 1419 3679 15,

178 3708 343 3790 1134,4;
371 3708 548 3788 V145,2;
579 3712 614 3787 3,
651 3704 696 3769 IX
719 3712 770 3785 41,
797 3710 831 3787 2,
859 3705 905 3770 111
928 3710 1039 3787 tam
1077 3710 1128 3782 60,
1153 3709 1186 3785 1,
1226 3702 1361 3782 111143,
1386 3710 1421 3783 5,

181 3816 231 3891 96,
255 3820 293 3893 4,
327 3833 386 3896 pro
410 3809 598 3894 cupidinel
628 3814 679 3889 46,
712 3814 747 3890 2,
782 3815 833 3889 90,
856 3815 895 3890 8,
924 3808 1044 3887 11175,
1068 3817 1103 3889 6,
1137 3805 1331 3873 Talassio
1359 3826 1420 3890 pro

179 3915 302 3999 nuptiis
324 3916 375 3980 vel
398 3913 603 3979 matrimonio
629 3912 643 3977 I
667 3917 716 3992 30,
740 3918 774 3993 6,
798 3919 835 3994 7,
857 3912 977 3991 11193,
1000 3917 1059 3993 aa,
1088 3932 1148 3996 pro
1178 3910 1330 3993 amplexu
1360 3910 1422 3974 Va·

178 4018 432 4097 uereoX1195‚
456 4025 484 4083 5.
528 4017 601 4082 Huc
623 4017 765 4101 partinet
786 4015 832 4080 XI
850 4020 899 4095 13,
917 4021 935 4081 6
952 4036 1019 4098 sq.:
1052 4021 1266 4095 Atqueomnes
1289 4018 1421 4078 Veneres

184 4124 410 4201 Cupidinesque
425 4125 490 4186 Hoa
504 4131 576 4185 suut
589 4126 724 4196 condita,
749 4141 807 4199 qua
822 4124 925 4196 Paris,
947 4126 1100 4199 sepulcro,
1122 4118 1142 4181 i.
1167 4139 1192 4184 e.
1216 4138 1287 4181 aum
1304 4116 1421 4181 Paride

179 4244 289 4289 omnes
313 4225 458 4306 deliciae,
480 4224 544 4290 ioci
567 4224 716 4308 salesque
736 4224 914 4308 perierunt.
958 4222 1142 4300 Praeterea,
1166 4240 1364 4304 quamquam
1386 4220 1421 4285 in

269 4470 294 4535 1)
312 4466 401 4521 Acad.
420 4466 485 4522 Alb.
503 4466 610 4537 Regim.
632 4468 698 4519 1878
717 4465 769 4518 III
787 4483 814 4534 p.
826 4468 853 4517 4.

264 4553 292 4620 2)
312 4552 374 4621 Qua
393 4554 427 4606 da
446 4570 476 4607 re
495 4552 651 4605 accuratius
671 4550 822 4623 explicavit
839 4549 1020 4618 Msrquardt:
1045 4547 1127 4603 Rern
1147 4547 1421 4625 Staatsverwsltung‚

182 4637 232 4693 III
250 4656 277 4709 p.
291 4639 350 4695 571.
