3367 5350
804 536 1020 598 ..26-

294 707 505 771 Nereides
534 728 595 790 pro
625 688 723 772 Nerei
753 706 884 772 filiabus
913 706 967 788 Sp.
998 711 1107 784 26,1;
1136 704 1177 769 IV
1202 711 1252 779 57,
1274 711 1310 782 8;
1339 703 1532 768 Pierides

293 831 353 894 pro
369 809 470 875 Musis
488 811 516 874 X
536 816 586 887 58,
604 816 637 890 6,
661 809 723 875 XII
738 814 788 888 68,
807 815 836 874 4.
871 809 995 889 Quibus
1011 807 1151 891 deanue
1166 808 1308 890 adiungo
1323 808 1395 872 VIII
1412 812 1463 886 28,
1480 816 1533 874 19:

295 920 360 978 Non
376 919 576 978 Athamanteo
594 919 700 994 potiar
720 935 767 978 me
788 919 885 977 mirer
901 919 933 976 in
950 934 1039 988 aare,
1061 910 1181 995 quibus
1197 911 1305 977 verbis
1320 932 1422 977 aurea
1439 913 1533 996 pellis

294 1017 405 1082 Phrixi
428 1015 639 1100 significatur,
662 1016 870 1082 Athamantis
890 1015 959 1080 filii.
1017 1025 1020 1032 '

380 1226 449 1309 §a
492 1223 582 1288 Haeo
611 1223 775 1289 sufficiant
808 1223 848 1288 de
879 1222 985 1288 forma
1017 1243 1102 1306 quae
1133 1222 1176 1286 ad
1210 1221 1289 1286 deos
1320 1222 1532 1306 hominesque

293 1328 443 1412 pertinet,
474 1327 677 1410 disputasse:
709 1348 769 1410 age
792 1347 869 1390 vero
891 1347 977 1391 nuno
999 1332 1205 1391 transeamus
1230 1325 1271 1390 ad
1299 1345 1370 1390 eam
1393 1325 1532 1390 formam

294 1452 373 1514 qua
415 1451 482 1496 res
524 1430 650 1495 rebus
692 1429 1012 1514 significantur.
1069 1430 1139 1508 Quo
1174 1431 1207 1493 in
1240 1449 1357 1512 genere
1391 1429 1531 1513 primum

293 1534 453 1618 agendum
470 1540 519 1598 est
541 1533 582 1598 de
602 1533 658 1598 illo
673 1539 768 1618 tropo
784 1533 840 1617 qui
855 1539 1007 1600 versatur
1021 1534 1053 1599 in
1076 1532 1174 1598 rebus
1189 1553 1327 1617 quarum
1342 1539 1483 1616 utraque
1497 1535 1532 1598 in

293 1660 407 1704 sensus
419 1638 524 1718 eadit,
541 1637 666 1715 deinde,
678 1658 816 1720 quarum
829 1638 934 1702 altera
949 1636 1098 1702 sensibus
1109 1636 1259 1702 subiecta
1269 1643 1329 1716 esi,
1341 1657 1415 1702 eum
1426 1637 1533 1702 altera

293 1741 441 1808 sensibus
463 1761 528 1805 non
549 1741 767 1824 percipiatur3
792 1762 856 1825 quo
879 1740 917 1805 fit
932 1747 969 1806 ut
990 1746 1116 1805 restent
1137 1760 1177 1804 ea
1196 1739 1346 1823 exempla
1362 1740 1395 1804 in
1413 1739 1533 1824 quibus

292 1851 431 1928 utraque
447 1843 900 1910 resasensibusremotaest.
930 1843 1045 1908 Nune
1065 1843 1197 1925 igitur
1221 1842 1535 1908 tractabuntur

290 1947 482 2032 exempla
504 1948 543 2011 in
567 1948 720 2030 quibus
742 1948 997 2033 metonymia
1018 1947 1267 2011 continetur
1285 1946 1410 2012 rebus
1432 1968 1532 2030 qua-

290 2073 376 2116 rum
399 2057 579 2134 utroque
602 2053 642 2115 in
667 2073 813 2117 sensus
836 2050 963 2116 eadit.
992 2051 1111 2130 Quoia
1130 2071 1248 2132 genere
1267 2050 1364 2114 etism
1383 2051 1534 2134 exempla

291 2154 334 2220 ad
352 2154 475 2220 bestias
491 2156 689 2238 pertinentia
707 2155 911 2241 repositurus
933 2175 1015 2219 sum.
1062 2161 1108 2218 Aa
1130 2154 1270 2237 primum
1293 2153 1424 2236 quidem
1446 2174 1533 2237 quae

291 2265 441 2342 speciant
462 2258 504 2323 ad
527 2259 673 2341 aorporis
698 2263 819 2343 partes,
842 2258 926 2323 haee
949 2263 1040 2324 sunt:
1068 2278 1213 2322 manus
1243 2278 1303 2340 pro
1326 2256 1464 2322 artifieio
1486 2259 1534 2322 IV

291 2367 342 2441 39,
359 2366 394 2442 3;
425 2362 499 2427 VIII
523 2366 572 2440 51,
595 2362 669 2445 2¹);
692 2377 768 2427 ora
787 2383 848 2445 pro
871 2362 981 2427 anima
1002 2361 1045 2426 VI
1067 2367 1117 2439 93,
1136 2366 1171 2440 33
1195 2360 1354 2426 buccae
1375 2382 1437 2444 pro
1458 2361 1534 2427 oifis

291 2464 341 2530 rel
363 2464 482 2530 frustis
514 2465 573 2529 VII
604 2469 655 2544 20,
678 2471 714 2546 8;
745 2465 826 2543 115,
851 2473 890 2545 5;
929 2465 1032 2530 dens
1064 2486 1123 2548 pro
1150 2466 1283 2530 vulnero
1313 2464 1410 2530 dente
1438 2464 1533 2530 illato

291 2569 448 2648 11119,r.
484 2568 557 2633 Hno
579 2567 686 2633 refero
709 2568 796 2652 quod
819 2568 1039 2634 anhelitus
1061 2568 1181 2633 dieitur
1205 2588 1264 2652 pro
1286 2567 1391 2633 halitu
1406 2569 1449 2633 IV
1466 2576 1532 2648 4,8

290 2680 324 2739 et
338 2671 468 2739 fames
485 2694 544 2757 pro
561 2694 596 2737 re
613 2694 697 2756 quae
713 2671 907 2739 esurientem
924 2694 989 2738 non
1004 2674 1112 2742 satiat.
1130 2671 1261 2752 51159,
1278 2678 1313 2751 2,
1331 2671 1361 2739 X
1375 2678 1426 2752 96,
1443 2678 1471 2739 9.
1487 2710 1534 2721 -—

290 2779 358 2843 lam
381 2798 458 2841 vero
479 2778 601 2841 loeus
624 2776 810 2861 appellatur
831 2797 892 2861 pro
909 2777 950 2841 iis
977 2777 1117 2860 quaein
1140 2797 1178 2841 eo
1200 2777 1320 2852 insunt,
1343 2796 1409 2859 qua
1431 2776 1471 2841 de
1495 2799 1533 2841 re

290 2880 440 2946 conferas
455 2881 549 2945 baec:
566 2880 633 2945 bal
645 2901 763 2945 neum
780 2902 841 2965 pro
857 2900 1021 2964 aquaque
1034 2879 1533 2961 15155155515115515111125,1;

290 2984 411 3067 palus
430 3005 491 3068 pro
507 3005 611 3048 canna
629 2984 680 3049 vel
696 2984 854 3049 arundine
868 3004 953 3067 quae
967 2983 1114 3047 nascitur
1127 2984 1160 3047 in
1178 2982 1352 3066 paludibus
1368 2983 1413 3048 XI
1428 2988 1479 3062 32,
1493 2989 1533 3064 2;

292 3087 501 3169 11111382,
527 3092 598 3163 160,
624 3093 658 3168 1;
693 3087 914 3152 macellum
937 3106 998 3170 pro
1021 3085 1102 3151 oibis
1125 3087 1155 3151 X
1179 3092 1229 3164 59,
1253 3091 1288 3165 3,
1318 3086 1532 3151 stabulum

290 3212 349 3274 pro
375 3191 488 3255 oribus
511 3191 586 3256 VIII
609 3196 659 3269 28,
683 3199 718 3271 5;
750 3190 895 3256 eulina
925 3211 986 3274 pro
1016 3211 1097 3254 55115
1121 3191 1218 3268 1144,
1241 3195 1277 3270 8;
1308 3210 1369 3273 pro
1397 3190 1532 3273 iuligine

290 3294 320 3359 X
352 3298 402 3373 66,
435 3300 463 3359 3.
509 3295 633 3374 Quibus
662 3295 747 3359 addo
773 3294 805 3358 II
835 3300 886 3373 29,
917 3302 953 3359 5:
990 3297 1081 3357 Caius
1113 3300 1173 3359 olet
1200 3304 1261 3358 toto
1286 3299 1417 3373 pinquis
1445 3316 1532 3359 coma

291 3386 502 3474 Marcelliano,
532 3398 553 3461 1.
580 3420 605 3461 5.
635 3398 727 3462 cuius
753 3417 847 3461 ooma
868 3397 936 3461 olet
960 3396 1061 3461 odore
1084 3400 1139 3480 qui
1161 3396 1328 3480 spargitur
1356 3418 1415 3481 per
1435 3398 1528 3463 thea-

289 3506 375 3564 trum
397 3499 561 3580 Maroelli3
600 3499 645 3564 IX
677 3505 726 3579 ll,
751 3505 789 3565 3:
821 3506 935 3564 Nomen
958 3506 1134 3565 camelolis
1165 3506 1307 3579 rosisque
1337 3512 1451 3578 aotam,

290 3608 417 3683 Hyblam
439 3610 625 3683 quadrupli
647 3609 827 3683 Atticosque
846 3610 950 3682 flores,
981 3603 1038 3668 abi
1069 3604 1132 3667 mel
1159 3604 1360 3685 significatur
1383 3606 1470 3688 quod
1494 3606 1529 3669 in

289 3706 397 3791 Hybla
420 3714 528 3772 monte
552 3706 794 3771 conficiebatur.

377 3812 479 3889 Quam
512 3811 554 3876 ad
587 3810 724 3875 formam
756 3832 858 3893 prope
891 3812 1053 3877 accedunt
1080 3813 1275 3894 exempla
1304 3813 1342 3876 in
1374 3812 1530 3894 quibus

289 3913 467 3979 flumina
500 3921 570 3979 aui
601 3914 682 3978 riri
716 3935 791 3997 pro
824 3935 931 3996 aqna
960 3921 1240 3997 usurpantur,
1271 3921 1308 3978 ut
1331 3915 1389 3979 VII
1416 3922 1467 3994 88,
1491 3923 1530 3981 61
1657 3903 1658 3958 Ῐ

293 4023 351 4093 Oai
374 4022 473 4081 Nilum
496 4040 536 4081 ex
559 4024 625 4096 ipso
642 4024 788 4096 protinas
811 4038 865 4082 ore
889 4022 1003 4083 bibant.
1037 4017 1116 4094 149,
1136 4024 1250 4100 llsq.:
1273 4024 1399 4084 Avidam
1422 4025 1529 4099 riaens

378 4262 403 4328 1)
423 4260 505 4329 Quod
522 4279 636 4314 manus
654 4261 756 4331 legItur
774 4258 847 4313 XIV
860 4263 926 4327 83,1
946 4278 997 4330 pro
1017 4260 1178 4329 sculptorio,
1198 4262 1215 4313 1.
1230 4278 1252 4314 e.
1271 4278 1323 4331 pro
1336 4262 1527 4328 instrumento,

290 4365 345 4415 quo
370 4347 406 4401 od
430 4349 575 4416 pruritum
593 4347 769 4416 scapularum
793 4346 950 4399 fricandam
974 4353 1058 4415 atque
1085 4347 1263 4416 sculpendum
1290 4348 1446 4415 utebantur,
1472 4348 1527 4401 boc

289 4432 468 4501 metaphorae
487 4450 587 4487 censeo
608 4432 807 4499 subiciendum,
828 4450 891 4486 oum
908 4450 964 4486 non
982 4434 1196 4487 instrumentum
1212 4450 1294 4487 mauu
1312 4432 1416 4487 sactum
1435 4434 1529 4487 rides·

292 4524 337 4571 tur
361 4518 517 4586 significari,
549 4519 595 4572 sed
623 4519 697 4590 quod
724 4536 820 4571 manus
844 4501 935 4571 vicem
962 4520 1110 4588 supplebat
1133 4524 1181 4572 aut
1204 4520 1415 4572 instrumentum
1441 4520 1529 4572 instar
1656 4557 1657 4584 ,

291 4620 396 4657 manus.
