3367 5350
707 513 923 574 „27-

198 685 362 744 Dcrceuna
381 685 520 758 placabit
541 687 619 746 sitim
644 687 683 746 Et
698 688 810 758 Nutha,
835 703 914 760 auae
937 688 1031 746 uincit
1053 687 1146 746 uiues.
1182 681 1256 744 Vflt
1273 686 1322 760 28,
1340 687 1436 763 tsq.:

196 789 241 848 Aa
272 793 325 848 tua
360 790 537 862 muttittaum
566 791 738 850 numeravit
765 792 839 852 lama
872 790 1034 863 Timauum,
1066 793 1157 863 mem
1182 790 1257 864 pius
1287 789 1436 864 astrifero

185 889 533 969 γ,61111111111111111111
569 889 640 952 Non
665 889 777 954 eodem
808 889 904 953 modo
927 889 1049 954 dictum
1073 895 1132 964 est,
1161 887 1219 952 sed
1241 893 1350 952 tamen
1372 887 1437 951 hue

198 995 347 1072 spectare
380 990 509 1056 videtur
538 992 625 1074 quod
657 992 840 1057 Fucinus
863 999 896 1057 et
917 998 1073 1076 stagna
1095 991 1275 1057 Neronis
1294 995 1437 1054 exstant

195 1114 253 1174 pro
270 1094 692 1176 spectaculisnaumaehiae
709 1117 797 1178 quae
807 1096 854 1176 ibi
877 1095 1058 1163 edebantur
1080 1096 1134 1179 Sp.
1151 1100 1201 1173 28,
1213 1099 1277 1183 Ι111
1300 1099 1436 1158 Fucinus

195 1207 224 1260 et
255 1202 317 1260 dtrt'
347 1207 510 1262 taceantur
538 1209 652 1279 stapaa
673 1205 823 1266 Neronis:
854 1203 943 1274 Hauc
970 1205 1075 1264 moriat
1097 1203 1338 1277 uuamsaecula
1361 1218 1436 1260 nau-

194 1305 352 1364 mactatam.
823 1379 826 1384 ⁸

281 1403 354 1468 Non
376 1405 474 1468 semel
505 1405 679 1472 audaciore
700 1406 804 1470 utitur
833 1407 994 1479 Martialis
1024 1406 1221 1491 metonymia
1252 1425 1324 1468 cum
1355 1424 1437 1468 rem
1550 1467 1552 1471 .

195 1507 526 1589 significaturus
549 1509 687 1574 locum
710 1509 902 1594 respicit
923 1509 997 1575 ubi
1021 1515 1169 1575 creata
1191 1506 1437 1573 veleffecta

196 1617 260 1682 est
282 1612 348 1676 vel
371 1618 525 1695 empta,
550 1634 613 1695 quo
633 1633 803 1696 exgenere
818 1612 902 1678 haec
918 1613 1157 1683 auntz'Sidon
1180 1611 1436 1694 adhibeturpro

195 1736 342 1798 purpura
364 1715 497 1781 Sidonia
524 1716 554 1780 ΙΙ
582 1722 629 1796 16,
653 1721 700 1800 31Ι
721 1722 803 1794 aura
829 1726 915 1780 torus
929 1738 958 1780 ,a
980 1722 1058 1792 Nilo,
1086 1721 1162 1795 auid
1183 1720 1297 1790 Sidone
1326 1719 1439 1787 tinctus

195 1824 312 1882 canti?
345 1819 390 1882 XI
411 1825 437 1897 1,
454 1824 490 1883 2:
518 1826 582 1896 (tuo
604 1831 646 1898 tu,
670 1841 738 1898 quo,
763 1824 840 1884 tiber
864 1825 968 1895 otiose,
989 1827 1090 1884 tendis
1116 1823 1220 1883 Cultus
1242 1823 1356 1883 Sidone
1378 1839 1440 1901 mou
1472 1879 1476 1884 .

195 1927 374 1986 cotidiana?
404 1943 468 2005 quo
491 1928 630 2006 utroque
653 1923 724 1987 loco
748 1923 876 1988 accedit
898 1923 1096 2007 metonymia
1119 1921 1320 2000 attributiva,
1354 1941 1439 2004 quae

196 2024 355 2090 efficitut
384 2032 498 2110 tropus
528 2027 584 2108 qui
606 2027 691 2092 inest
720 2027 907 2092 innomine
932 2027 1023 2093 urbis
1045 2025 1160 2095 melius
1182 2025 1392 2107 intellegatur
1403 2025 1438 2106 ¹).

196 2129 317 2194 Eodem
346 2129 441 2194 modo
471 2136 648 2213 usurpatur
674 2131 991 2215 Tyrua1129‚3:
1025 2136 1170 2208 Ouaeque
1196 2133 1298 2209 Tyron
1328 2133 1438 2192 totiens

196 2244 359 2312 epotavere
371 2240 526 2298 lacernae.
558 2233 682 2312 Quibus
699 2233 846 2298 festivius
863 2234 961 2299 etiam
974 2232 1155 2316 exemplum
1169 2237 1278 2296 exstat
1290 2231 1332 2295 Vl
1347 2235 1438 2309 11,t:

200 2340 240 2400 Te
269 2339 400 2401 Cadmea
426 2340 531 2418 Tyros,
554 2359 600 2402 me
614 2342 744 2416 pt'uput's
772 2341 873 2402 Gallia
894 2342 991 2402 uestit.
1038 2335 1130 2400 Addo
1151 2335 1198 2400 IX
1222 2341 1272 2412 37,
1299 2341 1331 2399 l:
1352 2322 1438 2398 'eum

195 2444 240 2514 sis
261 2444 330 2518 t‘psa
355 2445 436 2508 domt'
457 2446 618 2520 mediaque
642 2461 755 2505 cruere
778 2444 912 2521 Subura,
933 2441 955 2504 i.
971 2461 996 2504 e.
1020 2438 1289 2505 medicaminibus
1305 2444 1339 2502 et
1355 2436 1438 2502 fucis

195 2541 334 2626 aliisque
357 2543 455 2608 rebus
482 2543 524 2608 ad
547 2543 668 2608 cultum
693 2545 838 2627 corporis
860 2544 1108 2631 pertinentibus,
1135 2563 1220 2626 quae
1245 2541 1438 2606 emebantur

196 2667 237 2711 ex
278 2645 385 2711 media
419 2646 563 2727 Subura,
594 2648 664 2713 vieo
698 2646 1005 2732 Romano'celebri.
1061 2646 1115 2712 Sic
1151 2647 1249 2711 etiam
1288 2651 1438 2730 saepta

198 2756 370 2815 sumuntur
393 2772 453 2835 pro
470 2752 617 2817 omnibus
634 2772 718 2835 quae
740 2752 778 2815 in·
797 2752 836 2815 iis
858 2752 984 2816 venalia
999 2752 1150 2837 exposita
1171 2756 1266 2816 erant
1289 2751 1318 2814 X
1334 2756 1386 2827 80,
1400 2756 1437 2813 4:

200 2859 275 2919 Tota
297 2861 390 2919 miser
413 2861 529 2919 coemat
550 2859 666 2935 Saepta
683 2863 832 2935 feratque
856 2861 1001 2937 domum..
1027 2854 1205 2935 Praeterea
1234 2854 1354 2917 Setia
1380 2852 1435 2915 ad·

195 2958 329 3023 hibetur
350 2980 410 3041 pro
433 2959 506 3023 vino
531 2958 642 3023 Setino
658 2958 685 3021 X
704 2963 753 3033 36,
771 2963 806 3043 d:
830 2969 885 3021 aut
903 2962 988 3021 celtis
1010 2961 1095 3021 Setia
1117 2977 1195 3020 cara
1216 2962 1291 3021 sctis.
1327 2954 1438 3020 Simile

196 3062 355 3155 babemus
375 3062 420 3126 III
443 3067 493 3139 82,
515 3067 572 3127 22:
595 3065 804 3141 Lt'purumque
826 3065 912 3124 mobis
934 3081 1016 3123 sacca
1038 3080 1105 3123 cum
1127 3065 1351 3134 ministrentur,
1373 3059 1393 3121 i.
1411 3080 1438 3123 e.

196 3166 272 3231 vina
303 3166 336 3229 in
367 3186 483 3229 saxoso
513 3164 665 3249 Liguriae
697 3164 767 3251 solo
795 3163 920 3246 natae).
965 3162 1195 3227 Corinthos
1226 3162 1346 3245 legitur
1377 3181 1436 3244 pro

194 3290 272 3333 cere
296 3269 463 3334 Corinthio
489 3268 534 3332 IX
561 3276 610 3347 59,
636 3274 695 3331 ll:
736 3272 893 3331 Consuluit
923 3287 1028 3342 nares,
1059 3287 1100 3329 aa
1129 3272 1249 3329 olerent
1278 3287 1356 3330 aera
1383 3268 1435 3329 Co-

195 3378 331 3450 rinthea,
361 3393 457 3455 quam
490 3372 532 3436 ad
556 3372 693 3455 formam
716 3371 861 3453 pertinet
884 3369 981 3433 etia-m
1005 3368 1083 3432 XIV
1109 3374 1168 3432 177
1192 3368 1227 3448 l.‚-
1253 3368 1310 3433 ubi
1332 3369 1437 3433 Her·

197 3476 321 3539 cules
346 3475 605 3539 Corinthius
638 3473 758 3538 dicitur
789 3493 849 3557 pro
881 3479 990 3537 statua
1021 3472 1171 3536 Herculis
1202 3492 1241 3535 ex
1271 3493 1347 3537 aere
1379 3472 1438 3536 Co·

197 3578 320 3643 rinthio
343 3578 514 3643 fabricata.
560 3578 586 3641 E
608 3573 720 3641 fabula
743 3575 936 3659 deprompta
959 3581 1009 3639 est
1030 3576 1228 3659 metonymia
1248 3596 1333 3657 quae
1354 3577 1439 3640 inest

195 3674 230 3747 in
253 3703 347 3747 versu
371 3682 413 3745 VI
436 3688 486 3760 55,
510 3686 545 3745 2:
577 3687 618 3743 Et
643 3686 716 3745 mido
741 3686 831 3759 piper
854 3683 937 3743 utitis
959 3684 1113 3757 superbae
1135 3684 1278 3759 Frapras
1296 3683 1439 3757 plumbea

197 3791 408 3860 Nicerotiana,
432 3786 452 3848 i.
473 3807 499 3849 e.
523 3784 687 3849 delibutus
710 3782 883 3865 unguentis
900 3802 984 3864 quae
1004 3782 1219 3847 conficiuntur
1236 3803 1276 3846 ex
1292 3781 1437 3846 odoratis

196 3888 309 3953 herbis
330 3894 374 3978 et
402 3888 537 3953 floribus
571 3886 688 3970 quibus
711 3886 856 3951 Phoenix
888 3885 999 3949 nidum
1030 3886 1176 3949 exstruit,
1224 3884 1283 3949 Cui
1314 3885 1437 3951 formae

197 3991 312 4056 similis
336 3998 445 4057 exstat
460 3989 506 4055 IX
528 3997 576 4069 11,
592 3997 627 4057 4:
654 3996 742 4067 Quod
763 3995 852 4053 uidae
874 3996 934 4054 atet
956 3993 1039 4053 alitis
1060 3992 1224 4066 superbae,
1247 3988 1267 4051 i.
1280 4009 1306 4054 e.
1329 3989 1438 4052 cinna-

197 4116 339 4175 momum
373 4102 405 4159 et
433 4094 583 4177 casias3).
613 4092 746 4181 Neque
775 4092 827 4157 hia
857 4114 928 4157 cum
958 4091 1113 4175 exemplis
1143 4091 1329 4175 discrepare
1358 4090 1438 4154 mihi

287 4356 311 4421 1)
332 4354 373 4408 of.
392 4354 536 4421 Lindakog
554 4353 571 4405 1.
590 4371 611 4405 s.
631 4371 652 4404 s.
671 4371 698 4420 p.
716 4354 760 4418 40,
778 4354 821 4403 41.

284 4442 311 4507 2)
330 4438 403 4493 Vide
422 4439 672 4505 Friediaenderum,
692 4438 783 4505 quiin
804 4438 986 4490 adnotatione
1011 4437 1046 4488 ad
1071 4436 1144 4490 hunc
1169 4455 1279 4489 versum
1305 4436 1435 4489 nonnulla

195 4525 297 4581 similis
315 4526 418 4578 formae
440 4525 567 4593 exempla
585 4525 750 4592 composuit.

251 4602 254 4609 ·
289 4613 314 4677 a)
333 4610 406 4664 viae
425 4608 527 4663 arua
546 4610 581 4661 aa
598 4608 642 4661 vr
660 4609 702 4676 aa,
720 4609 737 4659 a
756 4606 835 4675 (Prin.
854 4602 1024 4661 11111111
1041 4609 1093 4673 aa).
1147 4621 1162 4693 s
