3367 5350
654 546 899 616 2-25-

170 720 344 786 veniuntur
377 721 525 805 axempla
556 722 727 787 admodum
764 722 877 802 dubia,
919 744 1004 807 quae
1044 729 1153 790 utrum
1194 727 1408 813 metonymiaa

169 824 394 907 subiungenda
423 825 489 890 sint
519 845 560 891 an
589 827 698 910 potius
726 827 948 912 metaphorae,
982 830 1162 894 sententiae
1191 831 1224 894 in
1247 829 1409 896 diversum

170 927 317 1008 tondunt,
349 934 387 993 ut
418 933 494 994 utra
525 928 697 1014 probanda
729 930 772 996 sit
803 951 902 1016 saepe
932 932 1049 998 mirum
1079 938 1236 1016 quantum
1262 934 1409 1002 haereas.

169 1031 264 1111 Quod
293 1032 334 1097 ad
362 1053 413 1096 me
443 1034 570 1113 attinet,
601 1035 709 1098 omnia
739 1033 820 1099 talia
848 1054 932 1118 quae
956 1056 974 1100 e
996 1038 1239 1120 comparatione
1267 1040 1409 1104 evasisse

172 1135 343 1200 rideantur
366 1136 417 1200 rel
434 1136 468 1200 in
484 1136 601 1220 quihus
617 1136 793 1202 similitudo
810 1138 970 1222 quaedam
987 1139 1199 1221 significantis
1215 1142 1410 1227 respiciatur

172 1261 246 1304 eum
270 1238 460 1323 significatis
482 1240 597 1325 prooul
618 1240 770 1306 habenda
786 1261 857 1308 essa
872 1262 893 1306 a
906 1263 980 1307 mea
1000 1244 1169 1326 provincia
1183 1245 1295 1311 oensui
1310 1251 1409 1329 atque

169 1343 382 1427 metaphorae
406 1345 514 1427 potius
536 1343 769 1427 subiungenda.
807 1345 898 1440 Quae
913 1367 985 1411 oum
1008 1347 1056 1412 ita
1078 1347 1143 1415 sint
1161 1369 1268 1433 pauca
1283 1354 1411 1416 restant

169 1449 319 1531 exempla
341 1468 426 1531 quaa
448 1448 510 1512 hoo
531 1448 603 1513 loco
633 1447 712 1512 mihi
734 1448 906 1515 videantur
929 1453 1220 1519 commemoranda.
1265 1454 1408 1533 Quorum

168 1551 203 1614 in
229 1549 378 1634 plurimis
408 1551 509 1616 dous
541 1557 720 1636 usurpatur
750 1556 808 1637 pro
836 1553 1023 1620 hominihus
1052 1557 1107 1640 qui
1139 1557 1172 1621 in
1204 1557 1273 1622 eius
1305 1556 1410 1623 tutela

168 1660 253 1719 sunt.
299 1655 352 1720 Sio
379 1654 500 1738 legitur
521 1649 712 1720 Minerva
740 1677 800 1741 pro
827 1656 1030 1742 philosophis
1058 1660 1117 1724 VII
1139 1665 1188 1741 32,
1213 1667 1248 1726 3:
1284 1665 1325 1726 Te
1350 1666 1409 1740 pia
1489 1652 1491 1655 ⁵

173 1762 341 1838 Cecropiae
373 1765 535 1824 comitatur
550 1763 657 1832 ,turba
686 1763 855 1837 Minervae,
892 1761 912 1826 i.
946 1782 973 1826 e.
1001 1784 1129 1848 semper
1157 1763 1260 1829 habes
1287 1764 1321 1828 iu
1351 1769 1409 1829 tuo

167 1861 325 1926 comitatu
347 1862 561 1928 Athenienses
578 1861 805 1947 philosophos,
835 1863 944 1930 Mars
967 1886 1028 1949 pro
1051 1866 1207 1932 militibus
1229 1866 1284 1952 Sp.
1300 1871 1351 1947 24,
1368 1875 1409 1933 5:

167 1971 235 2029 Non
258 1971 382 2030 eredis?
418 1968 541 2045 Specta,
573 1973 642 2031 dum
675 1973 794 2032 lassant
823 1988 962 2046 aequora
992 1975 1131 2036 Mortem.
1183 1970 1287 2035 Simili
1314 1991 1410 2036 sensu

166 2069 311 2152 positum
343 2089 459 2134 oenseo
489 2069 682 2136 adiectivum
712 2070 774 2135 hoo
802 2091 820 2135 e
851 2073 980 2138 nomine
1013 2073 1194 2139 derivatum
1223 2073 1285 2139 VII
1314 2079 1343 2154 6,
1375 2080 1411 2140 6:

168 2177 287 2237 Martia
316 2177 478 2254 lauriqera
506 2178 635 2252 cuspide
658 2179 728 2253 pila
756 2179 867 2252 virent,
903 2176 1022 2259 quibus
1050 2176 1157 2243 verbis
1186 2177 1412 2261 significantur

166 2281 227 2339 aut
248 2277 434 2341 nuntiorum
450 2276 518 2360 pila
533 2297 553 2369 a
568 2277 639 2342 loeo
659 2298 723 2360 quo
745 2277 866 2343 bellum
889 2279 1066 2363 gerebatur
1088 2281 1224 2346 Romam
1239 2281 1410 2347 missorum

167 2384 227 2443 aut
251 2379 417 2463 copiarum
440 2400 524 2463 quae
547 2380 669 2445 Romae
692 2381 857 2464 praesidio
881 2389 975 2449 erant
985 2384 1019 2468 ¹).
1062 2384 1135 2449 Huc
1157 2390 1285 2467 spectat
1304 2385 1356 2470 Sp.
1375 2391 1412 2451 6:

166 2486 303 2562 Belliper
333 2488 455 2548 invictis
485 2490 568 2562 quoe
604 2488 692 2549 ridere
732 2488 786 2549 tibi
818 2491 914 2551 serait
945 2493 978 2551 in
1013 2493 1125 2564 armis,
1156 2493 1222 2552 Non
1252 2494 1335 2554 satir.
1355 2501 1410 2567 est,

169 2577 299 2663 Caesar,
332 2592 427 2652 servit
453 2598 482 2652 et
510 2593 580 2667 ipm
610 2592 726 2665 Vanam
762 2589 782 2653 i.
814 2611 840 2654 e.
872 2610 936 2654 non
966 2591 1028 2655 riri
1057 2596 1193 2671 tantum,
1223 2591 1280 2657 sad
1312 2592 1411 2658 etiam

166 2691 308 2755 feminae
336 2691 434 2757 hodie
463 2713 609 2776 pugnare
641 2691 833 2758 didicerunt.
885 2694 916 2760 X
947 2700 997 2775 26,
1028 2702 1064 2761 3:
1099 2703 1138 2760 At
1166 2717 1249 2761 nane
1277 2703 1411 2763 Ausonio

161 2802 291 2876 frastra
308 2800 464 2874 promisee
489 2802 628 2874 Quirino,
661 2801 790 2876 Hospita
815 2802 934 2879 Lopaei
959 2805 1058 2864 litoris
1079 2804 1188 2864 ambra
1211 2806 1305 2877 iuees,
1338 2801 1358 2866 i.
1384 2822 1410 2865 e.

166 2916 255 2962 nuno
283 2904 430 2963 mortuus
460 2919 495 2963 ss
523 2900 556 2963 in
583 2902 738 2985 Aegypto,
773 2902 828 2983 qui
858 2902 979 2986 populo
1010 2903 1155 2967 Romano
1184 2940 1227 2950 —-
1254 2924 1314 2987 pro
1346 2925 1411 2988 quo

168 3002 309 3066 sumitur
339 3002 392 3066 hio
422 3003 583 3096 Ausonius
607 3004 760 3082 Quirinus
787 3043 831 3051 —
860 3010 893 3069 te
921 3005 1102 3070 rediturum
1131 3006 1336 3090 promiseras
1368 3044 1410 3054 —

169 3105 235 3170 Sed
257 3104 372 3190 pedem
398 3106 492 3187 sisto;
520 3128 596 3171 nam
619 3108 726 3172 omnia
747 3106 812 3171 alia
834 3106 885 3172 his
908 3108 1035 3189 similia,
1067 3115 1105 3174 ut
1124 3109 1264 3193 exempli
1287 3110 1410 3192 gratia:

168 3208 308 3273 Venus
323 3231 384 3293 pro
400 3217 518 3290 amata,
536 3210 799 3295 Ganymedes
815 3232 876 3295 pro
891 3212 956 3276 vini
972 3212 1202 3292 ministratore,
1217 3212 1409 3297 Penelopa

166 3334 230 3397 pro
260 3312 381 3378 femina
411 3319 511 3393 casta,
546 3319 578 3379 et
608 3334 692 3397 quae
724 3319 797 3379 sunt
827 3316 961 3398 generis
983 3316 1136 3397 eiusdem,
1173 3337 1212 3382 aa
1240 3316 1280 3381 de
1310 3337 1410 3383 eausa

169 3438 269 3499 quam
290 3438 390 3500 supra
413 3417 508 3481 attuli
531 3416 742 3501 metaphorae
765 3438 881 3483 censeo
905 3420 1158 3487 annumeranda.

255 3520 406 3585 Ceterum
438 3521 535 3585 etiam
567 3539 605 3585 ea
640 3519 746 3585 forma
779 3520 833 3585 hio
861 3522 940 3586 mihi
967 3523 1096 3587 videtur
1125 3524 1407 3589 commemoranda

169 3644 237 3707 qua
266 3622 460 3688 homines
487 3644 562 3707 pro
592 3623 831 3690 hominibus
866 3646 940 3709 per
970 3627 1308 3692 antonomasiam
1339 3648 1411 3710 po·

167 3733 334 3792 nuntur.
380 3727 452 3792 Huo
472 3732 599 3811 spectat
621 3749 699 3793 usus
725 3730 1032 3814 patronymicorum,
1062 3751 1199 3814 quorum
1226 3729 1308 3795 haee
1330 3730 1410 3794 mihi

167 3831 268 3895 liceat
285 3831 434 3914 exempla
447 3830 560 3896 affere:
581 3831 859 3917 Aeacidespro
875 3832 999 3897 Achille
1008 3833 1084 3898 VIII
1099 3839 1127 3913 6,
1146 3839 1201 3915 123
1224 3833 1270 3899 XI
1286 3838 1337 3911 43,
1353 3840 1408 3915 103

167 3933 1411 4021 AesonidesproIasone1114‚6;AlcidesproHerouleSp.16h,2;

168 4038 1409 4125 11662,16;11168,8;21150,5;1Χ3,]1;25,7;34,6;44,ι;

169 4146 222 4220 64,
247 4145 283 4221 6;
307 4146 357 4219 65,
383 4148 417 4221 1;
444 4145 512 4219 101,
533 4147 567 4222 3;
594 4145 649 4221 11;
671 4140 744 4206 XIV
764 4147 834 4222 178,
852 4148 890 4223 2;
913 4141 1172 4232 Phillyrides
1194 4165 1254 4227 pro
1272 4144 1409 4209 Chirona

167 4244 272 4322 1114,
294 4250 327 4326 6;
349 4244 554 4328 Tyndaris
579 4265 639 4329 pro
663 4245 787 4311 Helena
808 4245 855 4310 IX
881 4251 949 4326 103,
967 4252 1003 4327 4;
1026 4246 1088 4311 XII
1106 4252 1156 4326 52,
1173 4253 1201 4313 6.
1235 4248 1410 4313 Praeterea

167 4347 348 4412 Atridae
380 4354 552 4413 sumuntur
582 4370 642 4432 pro
671 4352 912 4433 Agamemnone
934 4355 968 4413 et
990 4349 1138 4415 Menelao
1169 4350 1327 4415 fratribus
1349 4352 1410 4416 Vll

167 4456 221 4530 24,
245 4458 281 4531 5;
303 4450 506 4515 Heliades
529 4472 588 4534 pro
612 4452 696 4517 Helii
718 4453 768 4517 vel
792 4453 869 4517 solis
890 4451 1021 4518 filiabus
1042 4454 1086 4518 IV
1108 4458 1157 4532 59,
1177 4460 1213 4534 13
1236 4453 1282 4517 IX
1308 4459 1355 4532 13,
1374 4460 1410 4536 6;

166 4594 377 4603 ——-—---

259 4676 284 4742 1)
304 4673 345 4728 Of.
363 4674 465 4755 Friedl.
484 4675 577 4730 adnot.
